{"id": "gen9randombattle-2253809052", "format": "[Gen 9] Random Battle", "players": ["Meowdypurrdner", "Calcifussy"], "log": "|j|\u2606Meowdypurrdner\n|j|\u2606Calcifussy\n|t:|1732941551\n|gametype|singles\n|player|p1|Meowdypurrdner|lady-gen4|1544\n|player|p2|Calcifussy|caitlin|1513\n|teamsize|p1|6\n|teamsize|p2|6\n|gen|9\n|tier|[Gen 9] Random Battle\n|rated|\n|rule|Species Clause: Limit one of each Pok\u00e9mon\n|rule|HP Percentage Mod: HP is shown in percentages\n|rule|Sleep Clause Mod: Limit one foe put to sleep\n|rule|Illusion Level Mod: Illusion disguises the Pok\u00e9mon's true level\n|\n|t:|1732941551\n|start\n|switch|p1a: Annihilape|Annihilape, L76, M|292/292\n|switch|p2a: Kyurem|Kyurem-Black, L71|295/295\n|-ability|p2a: Kyurem|Teravolt\n|turn|1\n|inactive|Battle timer is ON: inactive players will automatically lose when time's up. (requested by Calcifussy)\n|\n|t:|1732941570\n|move|p1a: Annihilape|Bulk Up|p1a: Annihilape\n|-boost|p1a: Annihilape|atk|1\n|-boost|p1a: Annihilape|def|1\n|move|p2a: Kyurem|Scale Shot|p1a: Annihilape\n|-damage|p1a: Annihilape|264/292\n|-damage|p1a: Annihilape|236/292\n|-damage|p1a: Annihilape|209/292\n|-damage|p1a: Annihilape|182/292\n|-damage|p1a: Annihilape|158/292\n|-hitcount|p1a: Annihilape|5\n|-unboost|p2a: Kyurem|def|1\n|-boost|p2a: Kyurem|spe|1\n|\n|upkeep\n|turn|2\n|inactive|Calcifussy has 120 seconds left.\n|\n|t:|1732941601\n|switch|p2a: Greedent|Greedent, L86, F|347/347\n|move|p1a: Annihilape|Drain Punch|p2a: Greedent\n|-supereffective|p2a: Greedent\n|-damage|p2a: Greedent|141/347\n|-heal|p1a: Annihilape|261/292|[from] drain|[of] p2a: Greedent\n|-enditem|p2a: Greedent|Sitrus Berry|[eat]\n|-heal|p2a: Greedent|227/347|[from] item: Sitrus Berry\n|-heal|p2a: Greedent|342/347|[from] ability: Cheek Pouch\n|\n|upkeep\n|turn|3\n|inactive|Calcifussy has 120 seconds left.\n|\n|t:|1732941619\n|-terastallize|p2a: Greedent|Ground\n|move|p1a: Annihilape|Bulk Up|p1a: Annihilape\n|-boost|p1a: Annihilape|atk|1\n|-boost|p1a: Annihilape|def|1\n|move|p2a: Greedent|Knock Off|p1a: Annihilape\n|-damage|p1a: Annihilape|221/292\n|-enditem|p1a: Annihilape|Chesto Berry|[from] move: Knock Off|[of] p2a: Greedent\n|\n|upkeep\n|turn|4\n|inactive|Calcifussy has 120 seconds left.\n|\n|t:|1732941635\n|move|p1a: Annihilape|Rage Fist|p2a: Greedent\n|-damage|p2a: Greedent|0 fnt\n|faint|p2a: Greedent\n|\n|upkeep\n|\n|t:|1732941643\n|switch|p2a: Grimmsnarl|Grimmsnarl, L83, M|293/293\n|turn|5\n|\n|t:|1732941648\n|move|p1a: Annihilape|Rage Fist|p2a: Grimmsnarl\n|-resisted|p2a: Grimmsnarl\n|-damage|p2a: Grimmsnarl|0 fnt\n|faint|p2a: Grimmsnarl\n|\n|upkeep\n|inactive|Calcifussy has 120 seconds left.\n|\n|t:|1732941656\n|switch|p2a: Exeggutor|Exeggutor-Alola, L89, F|314/314\n|turn|6\n|\n|t:|1732941668\n|move|p1a: Annihilape|Rage Fist|p2a: Exeggutor\n|-damage|p2a: Exeggutor|0 fnt\n|faint|p2a: Exeggutor\n|\n|upkeep\n|inactive|Calcifussy has 120 seconds left.\n|-message|Calcifussy forfeited.\n|\n|win|Meowdypurrdner\n|raw|Meowdypurrdner's rating: 1544 &rarr; <strong>1562</strong><br />(+18 for winning)\n|raw|Calcifussy's rating: 1513 &rarr; <strong>1495</strong><br />(-18 for losing)\n|l|\u2606Calcifussy\n|player|p2|\n", "inputlog": ">version b107d77f5c90bd6555267ae244a6264823309ead\n>start {\"formatid\":\"gen9randombattle\",\"seed\":[23300,18468,48490,52242],\"rated\":\"Rated battle\"}\n>player p1 {\"name\":\"Meowdypurrdner\",\"avatar\":\"lady-gen4\",\"rating\":1544,\"seed\":[2281,3582,40317,63143]}\n>player p2 {\"name\":\"Calcifussy\",\"avatar\":\"caitlin\",\"rating\":1513,\"seed\":[1072,42271,50859,16498]}\n>p1 move bulkup\n>p2 move scaleshot\n>p1 move drainpunch\n>p2 switch 2\n>p1 move bulkup\n>p2 move knockoff terastallize\n>p1 move ragefist\n>p2 move earthquake\n>p2 switch 6\n>p1 move ragefist\n>p2 move spiritbreak\n>p2 switch 5\n>p1 move ragefist\n>p2 move gigadrain\n>forcelose p2", "uploadtime": 1732941686, "views": 30, "formatid": "gen9randombattle", "rating": 1495, "private": 0, "password": null}