{"id": "gen9randombattle-2254157232", "format": "[Gen 9] Random Battle", "players": ["Vitriolic Zero", "krabsolfurretisme"], "log": "|j|\u2606Vitriolic Zero\n|j|\u2606krabsolfurretisme\n|t:|1732998289\n|gametype|singles\n|player|p1|Vitriolic Zero|2|1402\n|player|p2|krabsolfurretisme|jasmine|1446\n|teamsize|p1|6\n|teamsize|p2|6\n|gen|9\n|tier|[Gen 9] Random Battle\n|rated|\n|rule|Species Clause: Limit one of each Pok\u00e9mon\n|rule|HP Percentage Mod: HP is shown in percentages\n|rule|Sleep Clause Mod: Limit one foe put to sleep\n|rule|Illusion Level Mod: Illusion disguises the Pok\u00e9mon's true level\n|\n|t:|1732998289\n|start\n|switch|p1a: Weezing|Weezing, L88, M|258/258\n|switch|p2a: Tinkaton|Tinkaton, L82, F|274/274\n|-ability|p2a: Tinkaton|Mold Breaker\n|turn|1\n|inactive|Battle timer is ON: inactive players will automatically lose when time's up. (requested by krabsolfurretisme)\n|\n|t:|1732998297\n|move|p2a: Tinkaton|Swords Dance|p2a: Tinkaton\n|-boost|p2a: Tinkaton|atk|2\n|move|p1a: Weezing|Toxic Spikes|p2a: Tinkaton\n|-sidestart|p2: krabsolfurretisme|move: Toxic Spikes\n|\n|upkeep\n|turn|2\n|\n|t:|1732998316\n|move|p2a: Tinkaton|Gigaton Hammer|p1a: Weezing\n|-damage|p1a: Weezing|0 fnt\n|faint|p1a: Weezing\n|-damage|p2a: Tinkaton|247/274|[from] item: Life Orb\n|\n|upkeep\n|inactive|Vitriolic Zero has 120 seconds left.\n|j| Salami94\n|inactive|Vitriolic Zero has 90 seconds left.\n|c|\u2606krabsolfurretisme|hi spectator\n|inactive|Vitriolic Zero has 60 seconds left.\n|c|\u2606krabsolfurretisme|how are you\n|c| Salami94|good, and you?\n|inactive|Vitriolic Zero has 30 seconds left.\n|c|\u2606krabsolfurretisme|gppd\n|c|\u2606krabsolfurretisme|good*\n|inactive|Vitriolic Zero has 20 seconds left.\n|c|\u2606krabsolfurretisme|im still on thanksgiving break\n|inactive|Vitriolic Zero has 15 seconds left.\n|inactive|Vitriolic Zero has 10 seconds left.\n|inactive|Vitriolic Zero has 5 seconds left.\n|-message|Vitriolic Zero lost due to inactivity.\n|\n|win|krabsolfurretisme\n|raw|Vitriolic Zero's rating: 1382 &rarr; <strong>1366</strong><br />(-16 for losing)\n|raw|krabsolfurretisme's rating: 1446 &rarr; <strong>1462</strong><br />(+16 for winning)\n|c|\u2606krabsolfurretisme|and that was a quick battler\n|c|\u2606krabsolfurretisme|battle *\n|c|\u2606krabsolfurretisme|gg..?\n|c| Salami94|Yeah they dropped out of my match too\n|c|\u2606krabsolfurretisme|hey spectator you wanna run a battle ?\n|c| Salami94|sure\n|c|\u2606krabsolfurretisme|hell yeah brother\n", "inputlog": ">version b107d77f5c90bd6555267ae244a6264823309ead\n>start {\"formatid\":\"gen9randombattle\",\"seed\":[29333,37657,20171,64437],\"rated\":\"Rated battle\"}\n>player p1 {\"name\":\"Vitriolic Zero\",\"avatar\":\"2\",\"rating\":1402,\"seed\":[12907,5520,9769,49054]}\n>player p2 {\"name\":\"krabsolfurretisme\",\"avatar\":\"jasmine\",\"rating\":1446,\"seed\":[6653,54188,49534,2716]}\n>p1 move toxicspikes\n>p2 move swordsdance\n>p1 move fireblast\n>p2 move gigatonhammer\n>chat \u2606krabsolfurretisme|hi spectator\n>chat \u2606krabsolfurretisme|how are you\n>chat  Salami94|good, and you?\n>chat \u2606krabsolfurretisme|gppd\n>chat \u2606krabsolfurretisme|good*\n>chat \u2606krabsolfurretisme|im still on thanksgiving break\n>forcelose p1", "uploadtime": 1732998503, "views": 1, "formatid": "gen9randombattle", "rating": 1366, "private": 0, "password": null}