{"id": "gen9randombattle-2254185990", "format": "[Gen 9] Random Battle", "players": ["eaglecarson214", "Celestial Saiyan"], "log": "|j|\u2606eaglecarson214\n|j|\u2606Celestial Saiyan\n|t:|1733001881\n|gametype|singles\n|player|p1|eaglecarson214|clown|1886\n|player|p2|Celestial Saiyan|iris-gen5bw2|1831\n|teamsize|p1|6\n|teamsize|p2|6\n|gen|9\n|tier|[Gen 9] Random Battle\n|rated|\n|rule|Species Clause: Limit one of each Pok\u00e9mon\n|rule|HP Percentage Mod: HP is shown in percentages\n|rule|Sleep Clause Mod: Limit one foe put to sleep\n|rule|Illusion Level Mod: Illusion disguises the Pok\u00e9mon's true level\n|\n|t:|1733001881\n|start\n|switch|p1a: Minun|Minun, L95, M|268/268\n|switch|p2a: Lurantis|Lurantis, L87, F|264/264\n|turn|1\n|inactive|Battle timer is ON: inactive players will automatically lose when time's up. (requested by eaglecarson214)\n|c|\u2606Celestial Saiyan|Glhf\n|\n|t:|1733001903\n|switch|p1a: Porygon-Z|Porygon-Z, L83|277/277\n|-ability|p1a: Porygon-Z|Download|boost\n|-boost|p1a: Porygon-Z|spa|1\n|move|p2a: Lurantis|Superpower|p1a: Porygon-Z\n|-supereffective|p1a: Porygon-Z\n|-damage|p1a: Porygon-Z|63/277\n|-boost|p2a: Lurantis|atk|1\n|-boost|p2a: Lurantis|def|1\n|\n|upkeep\n|turn|2\n|\n|t:|1733001921\n|move|p1a: Porygon-Z|Ice Beam|p2a: Lurantis\n|-supereffective|p2a: Lurantis\n|-damage|p2a: Lurantis|108/264\n|move|p2a: Lurantis|Leech Life|p1a: Porygon-Z\n|-damage|p1a: Porygon-Z|0 fnt\n|-heal|p2a: Lurantis|140/264|[from] drain|[of] p1a: Porygon-Z\n|faint|p1a: Porygon-Z\n|\n|upkeep\n|\n|t:|1733001928\n|switch|p1a: Azelf|Azelf, L82|257/257\n|turn|3\n|\n|t:|1733001934\n|move|p1a: Azelf|Fire Blast|p2a: Lurantis|[miss]\n|-miss|p1a: Azelf|p2a: Lurantis\n|move|p2a: Lurantis|Leech Life|p1a: Azelf\n|-supereffective|p1a: Azelf\n|-damage|p1a: Azelf|27/257\n|-heal|p2a: Lurantis|255/264|[from] drain|[of] p1a: Azelf\n|\n|upkeep\n|turn|4\n|-message|eaglecarson214 forfeited.\n|\n|win|Celestial Saiyan\n|raw|eaglecarson214's rating: 1886 &rarr; <strong>1863</strong><br />(-23 for losing)\n|raw|Celestial Saiyan's rating: 1831 &rarr; <strong>1854</strong><br />(+23 for winning)\n|l|\u2606eaglecarson214\n|player|p1|\n|c|\u2606Celestial Saiyan|Gg\n", "inputlog": ">version b107d77f5c90bd6555267ae244a6264823309ead\n>start {\"formatid\":\"gen9randombattle\",\"seed\":[49119,44229,43764,57054],\"rated\":\"Rated battle\"}\n>player p1 {\"name\":\"eaglecarson214\",\"avatar\":\"clown\",\"rating\":1886,\"seed\":[22417,13235,60248,49379]}\n>player p2 {\"name\":\"Celestial Saiyan\",\"avatar\":\"iris-gen5bw2\",\"rating\":1831,\"seed\":[39622,40794,64886,56069]}\n>chat \u2606Celestial Saiyan|Glhf\n>p1 switch 4\n>p2 move superpower\n>p1 move icebeam\n>p2 move leechlife\n>p1 switch 3\n>p1 move fireblast\n>p2 move leechlife\n>forcelose p1", "uploadtime": 1733001947, "views": 1, "formatid": "gen9randombattle", "rating": 1854, "private": 0, "password": null}