{"id": "gen9randombattle-2253959390", "format": "[Gen 9] Random Battle", "players": ["rocket119", "B R O N C O W"], "log": "|j|\u2606rocket119\n|j|\u2606B R O N C O W\n|t:|1732971586\n|gametype|singles\n|player|p1|rocket119|1|1485\n|player|p2|B R O N C O W|morty|1478\n|teamsize|p1|6\n|teamsize|p2|6\n|gen|9\n|tier|[Gen 9] Random Battle\n|rated|\n|rule|Species Clause: Limit one of each Pok\u00e9mon\n|rule|HP Percentage Mod: HP is shown in percentages\n|rule|Sleep Clause Mod: Limit one foe put to sleep\n|rule|Illusion Level Mod: Illusion disguises the Pok\u00e9mon's true level\n|\n|t:|1732971586\n|start\n|switch|p1a: Houndstone|Houndstone, L86, M|264/264\n|switch|p2a: Zangoose|Zangoose, L85, F|263/263\n|turn|1\n|\n|t:|1732971593\n|move|p2a: Zangoose|Swords Dance|p2a: Zangoose\n|-boost|p2a: Zangoose|atk|2\n|move|p1a: Houndstone|Body Press|p2a: Zangoose\n|-supereffective|p2a: Zangoose\n|-damage|p2a: Zangoose|101/263\n|\n|-status|p2a: Zangoose|tox|[from] item: Toxic Orb\n|upkeep\n|turn|2\n|\n|t:|1732971605\n|move|p2a: Zangoose|Knock Off|p1a: Houndstone\n|-supereffective|p1a: Houndstone\n|-damage|p1a: Houndstone|49/264\n|-enditem|p1a: Houndstone|Leftovers|[from] move: Knock Off|[of] p2a: Zangoose\n|move|p1a: Houndstone|Body Press|p2a: Zangoose\n|-supereffective|p2a: Zangoose\n|-damage|p2a: Zangoose|0 fnt\n|faint|p2a: Zangoose\n|\n|upkeep\n|\n|t:|1732971620\n|switch|p2a: Blaziken|Blaziken, L76, M|247/247\n|turn|3\n|inactive|Battle timer is ON: inactive players will automatically lose when time's up. (requested by B R O N C O W)\n|inactive|rocket119 has 120 seconds left.\n|inactive|rocket119 has 90 seconds left.\n|inactive|rocket119 has 60 seconds left.\n|inactive|rocket119 has 30 seconds left.\n|inactive|rocket119 has 20 seconds left.\n|inactive|rocket119 has 15 seconds left.\n|l|\u2606rocket119\n|inactive|rocket119 disconnected and has a minute to reconnect!\n|player|p1|\n|inactive|rocket119 has 10 seconds left.\n|inactive|rocket119 has 5 seconds left.\n|-message|rocket119 lost due to inactivity.\n|\n|win|B R O N C O W\n|raw|rocket119's rating: 1503 &rarr; <strong>1482</strong><br />(-21 for losing)\n|raw|B R O N C O W's rating: 1478 &rarr; <strong>1499</strong><br />(+21 for winning)\n", "inputlog": ">version b107d77f5c90bd6555267ae244a6264823309ead\n>start {\"formatid\":\"gen9randombattle\",\"seed\":[62440,64602,54108,46232],\"rated\":\"Rated battle\"}\n>player p1 {\"name\":\"rocket119\",\"avatar\":\"1\",\"rating\":1485,\"seed\":[29392,20772,11555,36596]}\n>player p2 {\"name\":\"B R O N C O W\",\"avatar\":\"morty\",\"rating\":1478,\"seed\":[53794,24931,55903,51424]}\n>p1 move bodypress\n>p2 move swordsdance\n>p1 move bodypress\n>p2 move knockoff\n>p2 switch 2\n>forcelose p1", "uploadtime": 1732971831, "views": 5, "formatid": "gen9randombattle", "rating": 1482, "private": 0, "password": null}