{"id": "gen9randombattle-2254150491", "format": "[Gen 9] Random Battle", "players": ["Whambamgod", "krabsolfurretisme"], "log": "|j|\u2606Whambamgod\n|j|\u2606krabsolfurretisme\n|t:|1732997429\n|gametype|singles\n|player|p1|Whambamgod|1|1409\n|player|p2|krabsolfurretisme|jasmine|1430\n|teamsize|p1|6\n|teamsize|p2|6\n|gen|9\n|tier|[Gen 9] Random Battle\n|rated|\n|rule|Species Clause: Limit one of each Pok\u00e9mon\n|rule|HP Percentage Mod: HP is shown in percentages\n|rule|Sleep Clause Mod: Limit one foe put to sleep\n|rule|Illusion Level Mod: Illusion disguises the Pok\u00e9mon's true level\n|\n|t:|1732997429\n|start\n|switch|p1a: Veluza|Veluza, L85, M|292/292\n|switch|p2a: Gastrodon|Gastrodon-East, L86, F|331/331\n|turn|1\n|inactive|Battle timer is ON: inactive players will automatically lose when time's up. (requested by krabsolfurretisme)\n|\n|t:|1732997455\n|move|p1a: Veluza|Psycho Cut|p2a: Gastrodon\n|-damage|p2a: Gastrodon|136/331\n|move|p2a: Gastrodon|Spikes|p1a: Veluza\n|-sidestart|p1: Whambamgod|Spikes\n|\n|-heal|p2a: Gastrodon|156/331|[from] item: Leftovers\n|upkeep\n|turn|2\n|\n|t:|1732997468\n|move|p1a: Veluza|Psycho Cut|p2a: Gastrodon\n|-damage|p2a: Gastrodon|0 fnt\n|faint|p2a: Gastrodon\n|\n|upkeep\n|\n|t:|1732997473\n|switch|p2a: Arceus|Arceus-Electric, L70|284/284\n|turn|3\n|\n|t:|1732997484\n|switch|p1a: Archaludon|Archaludon, L78, M|268/268\n|-damage|p1a: Archaludon|235/268|[from] Spikes\n|move|p2a: Arceus|Calm Mind|p2a: Arceus\n|-boost|p2a: Arceus|spa|1\n|-boost|p2a: Arceus|spd|1\n|\n|upkeep\n|turn|4\n|\n|t:|1732997495\n|move|p2a: Arceus|Calm Mind|p2a: Arceus\n|-boost|p2a: Arceus|spa|1\n|-boost|p2a: Arceus|spd|1\n|move|p1a: Archaludon|Swords Dance|p1a: Archaludon\n|-boost|p1a: Archaludon|atk|2\n|\n|upkeep\n|turn|5\n|\n|t:|1732997524\n|move|p2a: Arceus|Calm Mind|p2a: Arceus\n|-boost|p2a: Arceus|spa|1\n|-boost|p2a: Arceus|spd|1\n|move|p1a: Archaludon|Earthquake|p2a: Arceus\n|-supereffective|p2a: Arceus\n|-damage|p2a: Arceus|28/284\n|\n|upkeep\n|turn|6\n|inactive|krabsolfurretisme has 120 seconds left.\n|\n|t:|1732997540\n|-terastallize|p2a: Arceus|Ice\n|-terastallize|p1a: Archaludon|Ground\n|move|p2a: Arceus|Ice Beam|p1a: Archaludon\n|-supereffective|p1a: Archaludon\n|-damage|p1a: Archaludon|0 fnt\n|faint|p1a: Archaludon\n|\n|upkeep\n|-message|Whambamgod forfeited.\n|\n|win|krabsolfurretisme\n|raw|Whambamgod's rating: 1409 &rarr; <strong>1390</strong><br />(-19 for losing)\n|raw|krabsolfurretisme's rating: 1430 &rarr; <strong>1449</strong><br />(+19 for winning)\n|l|\u2606Whambamgod\n|player|p1|\n|c|\u2606krabsolfurretisme|gg\n", "inputlog": ">version b107d77f5c90bd6555267ae244a6264823309ead\n>start {\"formatid\":\"gen9randombattle\",\"seed\":[34449,29267,32825,29870],\"rated\":\"Rated battle\"}\n>player p1 {\"name\":\"Whambamgod\",\"avatar\":\"1\",\"rating\":1409,\"seed\":[39668,61750,39607,21247]}\n>player p2 {\"name\":\"krabsolfurretisme\",\"avatar\":\"jasmine\",\"rating\":1430,\"seed\":[32838,25306,17127,58972]}\n>p1 move psychocut\n>p2 move spikes\n>p1 move psychocut\n>p2 move spikes\n>p2 switch 5\n>p1 switch 3\n>p2 move calmmind\n>p1 move swordsdance\n>p2 move calmmind\n>p1 move earthquake\n>p2 move calmmind\n>p1 move ironhead terastallize\n>p2 move icebeam terastallize\n>forcelose p1", "uploadtime": 1732997552, "views": 1, "formatid": "gen9randombattle", "rating": 1390, "private": 0, "password": null}