{"id": "gen9randombattle-2254069207", "format": "[Gen 9] Random Battle", "players": ["shagrx", "Djakansheikqhsia"], "log": "|j|\u2606shagrx\n|j|\u2606Djakansheikqhsia\n|t:|1732987388\n|gametype|singles\n|player|p1|shagrx|101|1040\n|player|p2|Djakansheikqhsia|266|1000\n|teamsize|p1|6\n|teamsize|p2|6\n|gen|9\n|tier|[Gen 9] Random Battle\n|rated|\n|rule|Species Clause: Limit one of each Pok\u00e9mon\n|rule|HP Percentage Mod: HP is shown in percentages\n|rule|Sleep Clause Mod: Limit one foe put to sleep\n|rule|Illusion Level Mod: Illusion disguises the Pok\u00e9mon's true level\n|\n|t:|1732987388\n|start\n|switch|p1a: Granbull|Granbull, L88, M|302/302\n|switch|p2a: Chandelure|Chandelure, L83, M|235/235\n|-ability|p1a: Granbull|Intimidate|boost\n|-unboost|p2a: Chandelure|atk|1\n|turn|1\n|inactive|Battle timer is ON: inactive players will automatically lose when time's up. (requested by shagrx)\n|\n|t:|1732987402\n|move|p2a: Chandelure|Trick|p1a: Granbull\n|-activate|p2a: Chandelure|move: Trick|[of] p1a: Granbull\n|-item|p1a: Granbull|Choice Scarf|[from] move: Trick\n|-item|p2a: Chandelure|Leftovers|[from] move: Trick\n|move|p1a: Granbull|Earthquake|p2a: Chandelure\n|-supereffective|p2a: Chandelure\n|-damage|p2a: Chandelure|49/235\n|\n|-heal|p2a: Chandelure|63/235|[from] item: Leftovers\n|upkeep\n|turn|2\n|\n|t:|1732987414\n|switch|p2a: Hawlucha|Hawlucha, L80, M|256/256\n|move|p1a: Granbull|Earthquake|p2a: Hawlucha\n|-immune|p2a: Hawlucha\n|\n|upkeep\n|turn|3\n|\n|t:|1732987430\n|switch|p1a: Alcremie|Alcremie-Rainbow-Swirl, L90, F|263/263\n|move|p2a: Hawlucha|Swords Dance|p2a: Hawlucha\n|-boost|p2a: Hawlucha|atk|2\n|\n|upkeep\n|turn|4\n|\n|t:|1732987440\n|move|p2a: Hawlucha|Brave Bird|p1a: Alcremie\n|-damage|p1a: Alcremie|41/263\n|-damage|p2a: Hawlucha|183/256|[from] Recoil\n|move|p1a: Alcremie|Calm Mind|p1a: Alcremie\n|-boost|p1a: Alcremie|spa|1\n|-boost|p1a: Alcremie|spd|1\n|\n|-heal|p1a: Alcremie|57/263|[from] item: Leftovers\n|upkeep\n|turn|5\n|\n|t:|1732987453\n|move|p2a: Hawlucha|Acrobatics|p1a: Alcremie\n|-damage|p1a: Alcremie|0 fnt\n|faint|p1a: Alcremie\n|\n|upkeep\n|\n|t:|1732987460\n|switch|p1a: Golem|Golem-Alola, L93, F|300/300\n|turn|6\n|\n|t:|1732987474\n|move|p2a: Hawlucha|Close Combat|p1a: Golem\n|-supereffective|p1a: Golem\n|-damage|p1a: Golem|0 fnt\n|-unboost|p2a: Hawlucha|def|1\n|-unboost|p2a: Hawlucha|spd|1\n|-enditem|p2a: Hawlucha|White Herb\n|-clearnegativeboost|p2a: Hawlucha|[silent]\n|faint|p1a: Golem\n|\n|upkeep\n|\n|t:|1732987483\n|switch|p1a: Rabsca|Rabsca, L91, M|284/284\n|turn|7\n|-message|shagrx forfeited.\n|\n|win|Djakansheikqhsia\n|raw|shagrx's rating: 1070 &rarr; <strong>1045</strong><br />(-25 for losing)\n|raw|Djakansheikqhsia's rating: 1000 &rarr; <strong>1048</strong><br />(+48 for winning)\n|l|\u2606shagrx\n|player|p1|\n", "inputlog": ">version b107d77f5c90bd6555267ae244a6264823309ead\n>start {\"formatid\":\"gen9randombattle\",\"seed\":[63572,1253,59762,45948],\"rated\":\"Rated battle\"}\n>player p1 {\"name\":\"shagrx\",\"avatar\":\"101\",\"rating\":1040,\"seed\":[23502,4272,4275,31008]}\n>player p2 {\"name\":\"Djakansheikqhsia\",\"avatar\":\"266\",\"rating\":1000,\"seed\":[2685,40227,58238,42207]}\n>p1 move earthquake\n>p2 move trick\n>p1 move earthquake\n>p2 switch 6\n>p1 switch 2\n>p2 move swordsdance\n>p1 move calmmind\n>p2 move bravebird\n>p1 move alluringvoice\n>p2 move acrobatics\n>p1 switch 4\n>p1 move stoneedge\n>p2 move closecombat\n>p1 switch 5\n>forcelose p1", "uploadtime": 1732987491, "views": 1, "formatid": "gen9randombattle", "rating": 1045, "private": 0, "password": null}