{"id": "gen9randombattle-2253900147", "format": "[Gen 9] Random Battle", "players": ["Miguel.Tovur.2017", "xdbsn"], "log": "|j|\u2606Miguel.Tovur.2017\n|j|\u2606xdbsn\n|t:|1732959578\n|gametype|singles\n|player|p1|Miguel.Tovur.2017|170|1019\n|player|p2|xdbsn|1|1000\n|teamsize|p1|6\n|teamsize|p2|6\n|gen|9\n|tier|[Gen 9] Random Battle\n|rated|\n|rule|Species Clause: Limit one of each Pok\u00e9mon\n|rule|HP Percentage Mod: HP is shown in percentages\n|rule|Sleep Clause Mod: Limit one foe put to sleep\n|rule|Illusion Level Mod: Illusion disguises the Pok\u00e9mon's true level\n|\n|t:|1732959578\n|start\n|switch|p1a: Falinks|Falinks, L84|246/246\n|switch|p2a: Kilowattrel|Kilowattrel, L83, M|252/252\n|turn|1\n|\n|t:|1732959593\n|move|p2a: Kilowattrel|Roost||[still]\n|-fail|p2a: Kilowattrel|heal\n|move|p1a: Falinks|No Retreat|p1a: Falinks\n|-boost|p1a: Falinks|atk|1\n|-boost|p1a: Falinks|def|1\n|-boost|p1a: Falinks|spa|1\n|-boost|p1a: Falinks|spd|1\n|-boost|p1a: Falinks|spe|1\n|-start|p1a: Falinks|move: No Retreat\n|\n|upkeep\n|turn|2\n|\n|t:|1732959602\n|-terastallize|p1a: Falinks|Dark\n|move|p1a: Falinks|No Retreat||[still]\n|-fail|p1a: Falinks\n|move|p2a: Kilowattrel|Thunderbolt|p1a: Falinks\n|-damage|p1a: Falinks|164/246\n|\n|upkeep\n|turn|3\n|\n|t:|1732959609\n|move|p1a: Falinks|No Retreat||[still]\n|-fail|p1a: Falinks\n|move|p2a: Kilowattrel|Thunderbolt|p1a: Falinks\n|-damage|p1a: Falinks|74/246\n|-status|p1a: Falinks|par\n|\n|upkeep\n|turn|4\n|-message|Miguel.Tovur.2017 forfeited.\n|\n|win|xdbsn\n|raw|Miguel.Tovur.2017's rating: 1019 &rarr; <strong>1005</strong><br />(-14 for losing)\n|raw|xdbsn's rating: 1000 &rarr; <strong>1042</strong><br />(+42 for winning)\n|l|\u2606Miguel.Tovur.2017\n|player|p1|\n|l|\u2606xdbsn\n|player|p2|\n|j|\u2606xdbsn\n|player|p2|xdbsn|1|\n|l|\u2606xdbsn\n|player|p2|\n|j|\u2606xdbsn\n|player|p2|xdbsn|1|\n", "inputlog": ">version b107d77f5c90bd6555267ae244a6264823309ead\n>start {\"formatid\":\"gen9randombattle\",\"seed\":[3367,23914,26369,24652],\"rated\":\"Rated battle\"}\n>player p1 {\"name\":\"Miguel.Tovur.2017\",\"avatar\":\"170\",\"rating\":1019,\"seed\":[25737,43025,60420,35913]}\n>player p2 {\"name\":\"xdbsn\",\"avatar\":\"1\",\"rating\":1000,\"seed\":[22375,1629,18267,26318]}\n>p1 move noretreat\n>p2 move roost\n>p1 move noretreat terastallize\n>p2 move thunderbolt\n>p1 move noretreat\n>p2 move thunderbolt\n>forcelose p1", "uploadtime": 1732959645, "views": 2, "formatid": "gen9randombattle", "rating": 1005, "private": 0, "password": null}