{"id": "gen9randombattle-2253829408", "format": "[Gen 9] Random Battle", "players": ["huycao15191", "stachaser"], "log": "|j|\u2606huycao15191\n|j|\u2606stachaser\n|t:|1732944844\n|gametype|singles\n|player|p1|huycao15191|102|1402\n|player|p2|stachaser|1|1406\n|teamsize|p1|6\n|teamsize|p2|6\n|gen|9\n|tier|[Gen 9] Random Battle\n|rated|\n|rule|Species Clause: Limit one of each Pok\u00e9mon\n|rule|HP Percentage Mod: HP is shown in percentages\n|rule|Sleep Clause Mod: Limit one foe put to sleep\n|rule|Illusion Level Mod: Illusion disguises the Pok\u00e9mon's true level\n|\n|t:|1732944844\n|start\n|switch|p1a: Veluza|Veluza, L85, M|292/292\n|switch|p2a: Camerupt|Camerupt, L91, M|275/275\n|turn|1\n|\n|t:|1732944860\n|switch|p2a: Lugia|Lugia, L72|272/272\n|move|p1a: Veluza|Fillet Away|p1a: Veluza\n|-boost|p1a: Veluza|atk|2\n|-boost|p1a: Veluza|spa|2\n|-boost|p1a: Veluza|spe|2\n|-damage|p1a: Veluza|146/292\n|-enditem|p1a: Veluza|Sitrus Berry|[eat]\n|-heal|p1a: Veluza|219/292|[from] item: Sitrus Berry\n|\n|upkeep\n|turn|2\n|inactive|Battle timer is ON: inactive players will automatically lose when time's up. (requested by huycao15191)\n|\n|t:|1732944872\n|move|p1a: Veluza|Night Slash|p2a: Lugia\n|-supereffective|p2a: Lugia\n|-damage|p2a: Lugia|142/272\n|move|p2a: Lugia|Calm Mind|p2a: Lugia\n|-boost|p2a: Lugia|spa|1\n|-boost|p2a: Lugia|spd|1\n|\n|upkeep\n|turn|3\n|\n|t:|1732944880\n|move|p1a: Veluza|Night Slash|p2a: Lugia\n|-supereffective|p2a: Lugia\n|-damage|p2a: Lugia|0 fnt\n|faint|p2a: Lugia\n|\n|upkeep\n|\n|t:|1732944886\n|switch|p2a: Comfey|Comfey, L85, M|225/225\n|turn|4\n|\n|t:|1732944897\n|move|p2a: Comfey|Giga Drain|p1a: Veluza\n|-supereffective|p1a: Veluza\n|-damage|p1a: Veluza|109/292\n|move|p1a: Veluza|Aqua Cutter|p2a: Comfey\n|-damage|p2a: Comfey|0 fnt\n|faint|p2a: Comfey\n|\n|upkeep\n|\n|t:|1732944910\n|switch|p2a: Rabsca|Rabsca, L91, M|284/284\n|turn|5\n|\n|t:|1732944917\n|move|p1a: Veluza|Night Slash|p2a: Rabsca\n|-supereffective|p2a: Rabsca\n|-crit|p2a: Rabsca\n|-damage|p2a: Rabsca|0 fnt\n|faint|p2a: Rabsca\n|\n|upkeep\n|\n|t:|1732944923\n|switch|p2a: Camerupt|Camerupt, L91, M|275/275\n|turn|6\n|\n|t:|1732944933\n|-terastallize|p2a: Camerupt|Grass\n|move|p1a: Veluza|Psycho Cut|p2a: Camerupt\n|-damage|p2a: Camerupt|0 fnt\n|faint|p2a: Camerupt\n|\n|upkeep\n|\n|t:|1732944940\n|switch|p2a: Breloom|Breloom, L82, F|233/233\n|turn|7\n|\n|t:|1732944944\n|move|p2a: Breloom|Mach Punch|p1a: Veluza\n|-resisted|p1a: Veluza\n|-damage|p1a: Veluza|52/292\n|-damage|p2a: Breloom|210/233|[from] item: Life Orb\n|move|p1a: Veluza|Psycho Cut|p2a: Breloom\n|-supereffective|p2a: Breloom\n|-damage|p2a: Breloom|0 fnt\n|faint|p2a: Breloom\n|\n|upkeep\n|-message|stachaser forfeited.\n|\n|win|huycao15191\n|raw|huycao15191's rating: 1402 &rarr; <strong>1422</strong><br />(+20 for winning)\n|raw|stachaser's rating: 1406 &rarr; <strong>1386</strong><br />(-20 for losing)\n|l|\u2606stachaser\n|player|p2|\n", "inputlog": ">version b107d77f5c90bd6555267ae244a6264823309ead\n>start {\"formatid\":\"gen9randombattle\",\"seed\":[55197,46598,17948,659],\"rated\":\"Rated battle\"}\n>player p1 {\"name\":\"huycao15191\",\"avatar\":\"102\",\"rating\":1402,\"seed\":[14282,41937,19197,63835]}\n>player p2 {\"name\":\"stachaser\",\"avatar\":\"1\",\"rating\":1406,\"seed\":[64744,15369,17809,55245]}\n>p1 move filletaway\n>p2 switch 3\n>p1 move nightslash\n>p2 move calmmind\n>p1 move nightslash\n>p2 move aeroblast\n>p2 switch 5\n>p1 move aquacutter\n>p2 move gigadrain\n>p2 switch 6\n>p1 move nightslash\n>p2 move bugbuzz\n>p2 switch 3\n>p1 move psychocut\n>p2 move willowisp terastallize\n>p2 switch 2\n>p1 move psychocut\n>p2 move machpunch\n>forcelose p2", "uploadtime": 1732944955, "views": 1, "formatid": "gen9randombattle", "rating": 1386, "private": 0, "password": null}