{"id": "gen9randombattle-2253853964", "format": "[Gen 9] Random Battle", "players": ["yuoffbaods", "duskiidawn"], "log": "|j|\u2606yuoffbaods\n|j|\u2606duskiidawn\n|t:|1732949427\n|gametype|singles\n|player|p1|yuoffbaods|ghetsis|1103\n|player|p2|duskiidawn|gambler|1103\n|teamsize|p1|6\n|teamsize|p2|6\n|gen|9\n|tier|[Gen 9] Random Battle\n|rated|\n|rule|Species Clause: Limit one of each Pok\u00e9mon\n|rule|HP Percentage Mod: HP is shown in percentages\n|rule|Sleep Clause Mod: Limit one foe put to sleep\n|rule|Illusion Level Mod: Illusion disguises the Pok\u00e9mon's true level\n|\n|t:|1732949427\n|start\n|switch|p1a: Blaziken|Blaziken, L76, M|247/247\n|switch|p2a: Eiscue|Eiscue, L88, M|274/274\n|turn|1\n|inactive|Battle timer is ON: inactive players will automatically lose when time's up. (requested by yuoffbaods)\n|\n|t:|1732949447\n|-terastallize|p1a: Blaziken|Fighting\n|move|p1a: Blaziken|Close Combat|p2a: Eiscue\n|-activate|p2a: Eiscue|ability: Ice Face\n|-damage|p2a: Eiscue|274/274\n|-unboost|p1a: Blaziken|def|1\n|-unboost|p1a: Blaziken|spd|1\n|detailschange|p2a: Eiscue|Eiscue-Noice, L88, M\n|-damage|p1a: Blaziken|223/247|[from] item: Life Orb\n|move|p2a: Eiscue|Belly Drum|p2a: Eiscue\n|-damage|p2a: Eiscue|137/274\n|-setboost|p2a: Eiscue|atk|6|[from] move: Belly Drum\n|-enditem|p2a: Eiscue|Sitrus Berry|[eat]\n|-heal|p2a: Eiscue|205/274|[from] item: Sitrus Berry\n|\n|-ability|p1a: Blaziken|Speed Boost|boost\n|-boost|p1a: Blaziken|spe|1\n|upkeep\n|turn|2\n|c|\u2606yuoffbaods|ffff\n|c|\u2606yuoffbaods|f\n|c|\u2606yuoffbaods|gg\n|\n|t:|1732949469\n|move|p2a: Eiscue|Liquidation|p1a: Blaziken\n|-damage|p1a: Blaziken|0 fnt\n|faint|p1a: Blaziken\n|\n|upkeep\n|c|\u2606duskiidawn|,lol\n|inactive|yuoffbaods has 120 seconds left.\n|c|\u2606yuoffbaods|wtf can i od ??\n|c|\u2606yuoffbaods|do*\n|c|\u2606yuoffbaods|im done\n|c|\u2606yuoffbaods|gg\n|\n|t:|1732949511\n|switch|p1a: Gallade|Gallade, L81, M|243/243\n|turn|3\n|\n|t:|1732949525\n|move|p2a: Eiscue|Liquidation|p1a: Gallade\n|-damage|p1a: Gallade|0 fnt\n|faint|p1a: Gallade\n|\n|upkeep\n|\n|t:|1732949535\n|switch|p1a: Delibird|Delibird, M|252/252\n|turn|4\n|\n|t:|1732949542\n|move|p2a: Eiscue|Liquidation|p1a: Delibird\n|-damage|p1a: Delibird|0 fnt\n|faint|p1a: Delibird\n|\n|upkeep\n|\n|t:|1732949544\n|switch|p1a: Vikavolt|Vikavolt, L83, M|263/263\n|turn|5\n|c|\u2606yuoffbaods|gg\n|c|\u2606duskiidawn|there's no way this works the whole time\n|\n|t:|1732949557\n|move|p2a: Eiscue|Ice Spinner|p1a: Vikavolt\n|-damage|p1a: Vikavolt|0 fnt\n|faint|p1a: Vikavolt\n|\n|upkeep\n|c|\u2606yuoffbaods|nah bro i got no counter for it\n|\n|t:|1732949570\n|switch|p1a: Luxray|Luxray, L88, M|284/284\n|-ability|p1a: Luxray|Intimidate|boost\n|-unboost|p2a: Eiscue|atk|1\n|turn|6\n|c|\u2606duskiidawn|\ud83d\ude2d sorry\n|\n|t:|1732949587\n|-terastallize|p2a: Eiscue|Ground\n|move|p2a: Eiscue|Tera Blast|p1a: Luxray|[anim] Tera Blast Ground\n|-supereffective|p1a: Luxray\n|-damage|p1a: Luxray|0 fnt\n|faint|p1a: Luxray\n|\n|upkeep\n|c|\u2606yuoffbaods|not a single priority moves T.T\n|\n|t:|1732949598\n|switch|p1a: Darkrai|Darkrai, L77|234/234\n|turn|7\n|\n|t:|1732949603\n|move|p2a: Eiscue|Liquidation|p1a: Darkrai\n|-damage|p1a: Darkrai|22/234\n|move|p1a: Darkrai|Dark Pulse|p2a: Eiscue\n|-damage|p2a: Eiscue|45/274\n|-damage|p1a: Darkrai|0 fnt|[from] item: Life Orb\n|faint|p1a: Darkrai\n|\n|win|duskiidawn\n|raw|yuoffbaods's rating: 1103 &rarr; <strong>1078</strong><br />(-25 for losing)\n|raw|duskiidawn's rating: 1103 &rarr; <strong>1128</strong><br />(+25 for winning)\n|l|\u2606yuoffbaods\n|player|p1|\n", "inputlog": ">version b107d77f5c90bd6555267ae244a6264823309ead\n>start {\"formatid\":\"gen9randombattle\",\"seed\":[57671,24280,8829,41869],\"rated\":\"Rated battle\"}\n>player p1 {\"name\":\"yuoffbaods\",\"avatar\":\"ghetsis\",\"rating\":1103,\"seed\":[48776,60981,56574,61720]}\n>player p2 {\"name\":\"duskiidawn\",\"avatar\":\"gambler\",\"rating\":1103,\"seed\":[36750,13601,45861,3357]}\n>p1 move closecombat terastallize\n>p2 move bellydrum\n>chat \u2606yuoffbaods|ffff\n>chat \u2606yuoffbaods|f\n>chat \u2606yuoffbaods|gg\n>p1 move closecombat\n>p2 move liquidation\n>chat \u2606duskiidawn|,lol\n>chat \u2606yuoffbaods|wtf can i od ??\n>chat \u2606yuoffbaods|do*\n>chat \u2606yuoffbaods|im done\n>chat \u2606yuoffbaods|gg\n>p1 switch 6\n>p1 move sacredsword\n>p2 move liquidation\n>p1 switch 4\n>p1 move bravebird\n>p2 move liquidation\n>p1 switch 3\n>chat \u2606yuoffbaods|gg\n>chat \u2606duskiidawn|there's no way this works the whole time \n>p1 move discharge\n>p2 move icespinner\n>chat \u2606yuoffbaods|nah bro i got no counter for it\n>p1 switch 5\n>chat \u2606duskiidawn|\ud83d\ude2d sorry\n>p1 move wildcharge\n>p2 move terablast terastallize\n>chat \u2606yuoffbaods|not a single priority moves T.T\n>p1 switch 2\n>p1 move darkpulse\n>p2 move liquidation", "uploadtime": 1732949621, "views": 25, "formatid": "gen9randombattle", "rating": 1078, "private": 0, "password": null}