{"id": "gen9randombattle-2260833141", "format": "[Gen 9] Random Battle", "players": ["juanma_therat", "Leeppi"], "log": "|j|\u2606juanma_therat\n|j|\u2606Leeppi\n|t:|1733900536\n|gametype|singles\n|player|p1|juanma_therat|roxie|1306\n|player|p2|Leeppi|medium|1273\n|teamsize|p1|6\n|teamsize|p2|6\n|gen|9\n|tier|[Gen 9] Random Battle\n|rated|\n|rule|Species Clause: Limit one of each Pok\u00e9mon\n|rule|HP Percentage Mod: HP is shown in percentages\n|rule|Sleep Clause Mod: Limit one foe put to sleep\n|rule|Illusion Level Mod: Illusion disguises the Pok\u00e9mon's true level\n|\n|t:|1733900536\n|start\n|switch|p1a: Goodra|Goodra-Hisui, L82, M|265/265\n|switch|p2a: Pawmot|Pawmot, L80, M|243/243\n|turn|1\n|inactive|Battle timer is ON: inactive players will automatically lose when time's up. (requested by Leeppi)\n|\n|t:|1733900547\n|move|p2a: Pawmot|Close Combat|p1a: Goodra\n|-supereffective|p1a: Goodra\n|-damage|p1a: Goodra|0 fnt\n|-unboost|p2a: Pawmot|def|1\n|-unboost|p2a: Pawmot|spd|1\n|faint|p1a: Goodra\n|-damage|p2a: Pawmot|219/243|[from] item: Life Orb\n|\n|upkeep\n|\n|t:|1733900562\n|switch|p1a: Dragonite|Dragonite, L74, M|257/257\n|turn|2\n|\n|t:|1733900566\n|move|p2a: Pawmot|Ice Punch|p1a: Dragonite\n|-supereffective|p1a: Dragonite\n|-damage|p1a: Dragonite|54/257\n|-status|p1a: Dragonite|frz\n|-damage|p2a: Pawmot|195/243|[from] item: Life Orb\n|cant|p1a: Dragonite|frz\n|\n|upkeep\n|turn|3\n|\n|t:|1733900575\n|move|p2a: Pawmot|Ice Punch|p1a: Dragonite\n|-supereffective|p1a: Dragonite\n|-damage|p1a: Dragonite|0 fnt\n|faint|p1a: Dragonite\n|-damage|p2a: Pawmot|171/243|[from] item: Life Orb\n|\n|upkeep\n|\n|t:|1733900577\n|switch|p1a: Gumshoos|Gumshoos, L95, F|321/321\n|turn|4\n|\n|t:|1733900584\n|move|p2a: Pawmot|Close Combat|p1a: Gumshoos\n|-supereffective|p1a: Gumshoos\n|-damage|p1a: Gumshoos|0 fnt\n|-unboost|p2a: Pawmot|def|1\n|-unboost|p2a: Pawmot|spd|1\n|faint|p1a: Gumshoos\n|-damage|p2a: Pawmot|147/243|[from] item: Life Orb\n|\n|upkeep\n|-message|juanma_therat forfeited.\n|\n|win|Leeppi\n|raw|juanma_therat's rating: 1306 &rarr; <strong>1284</strong><br />(-22 for losing)\n|raw|Leeppi's rating: 1273 &rarr; <strong>1300</strong><br />(+27 for winning)\n|l|\u2606juanma_therat\n|player|p1|\n|c|\u2606Leeppi|gg\n", "inputlog": ">version bfd83cad13791eb5a5a409923076391caf6fb4d4\n>start {\"formatid\":\"gen9randombattle\",\"seed\":[46781,2963,5105,32995],\"rated\":\"Rated battle\"}\n>player p1 {\"name\":\"juanma_therat\",\"avatar\":\"roxie\",\"rating\":1306,\"seed\":[17601,29246,27677,34329]}\n>player p2 {\"name\":\"Leeppi\",\"avatar\":\"medium\",\"rating\":1273,\"seed\":[47599,30506,49364,3962]}\n>p1 move earthquake\n>p2 move closecombat\n>p1 switch 3\n>p1 move earthquake\n>p2 move icepunch\n>p1 move earthquake\n>p2 move icepunch\n>p1 switch 2\n>p1 move earthquake\n>p2 move closecombat\n>forcelose p1", "uploadtime": 1733900600, "views": 1, "formatid": "gen9randombattle", "rating": 1284, "private": 0, "password": null}