{"id": "gen9randombattle-2260463047", "format": "[Gen 9] Random Battle", "players": ["Saundy99", "andreaschampion"], "log": "|j|\u2606Saundy99\n|j|\u2606andreaschampion\n|t:|1733854038\n|gametype|singles\n|player|p1|Saundy99|169|1178\n|player|p2|andreaschampion|hilbert-wonderlauncher|1198\n|teamsize|p1|6\n|teamsize|p2|6\n|gen|9\n|tier|[Gen 9] Random Battle\n|rated|\n|rule|Species Clause: Limit one of each Pok\u00e9mon\n|rule|HP Percentage Mod: HP is shown in percentages\n|rule|Sleep Clause Mod: Limit one foe put to sleep\n|rule|Illusion Level Mod: Illusion disguises the Pok\u00e9mon's true level\n|\n|t:|1733854038\n|start\n|switch|p1a: Diancie|Diancie, L82|216/216\n|switch|p2a: Pyroar|Pyroar, L88, F|295/295\n|-ability|p2a: Pyroar|Unnerve\n|turn|1\n|inactive|Battle timer is ON: inactive players will automatically lose when time's up. (requested by andreaschampion)\n|\n|t:|1733854056\n|switch|p2a: Palafin|Palafin, L77, M|281/281\n|move|p1a: Diancie|Rock Polish|p1a: Diancie\n|-boost|p1a: Diancie|spe|2\n|\n|upkeep\n|turn|2\n|\n|t:|1733854075\n|move|p1a: Diancie|Diamond Storm|p2a: Palafin\n|-damage|p2a: Palafin|148/281\n|-boost|p1a: Diancie|def|2\n|move|p2a: Palafin|Flip Turn|p1a: Diancie\n|-supereffective|p1a: Diancie\n|-damage|p1a: Diancie|174/216\n|\n|t:|1733854089\n|detailschange|p2a: Palafin|Palafin-Hero, L77, M\n|switch|p2a: Overqwil|Overqwil, L82, F|274/274|[from] Flip Turn\n|-ability|p2a: Overqwil|Intimidate|boost\n|-fail|p1a: Diancie|unboost|[from] ability: Clear Body|[of] p1a: Diancie\n|\n|-heal|p1a: Diancie|187/216|[from] item: Leftovers\n|upkeep\n|turn|3\n|\n|t:|1733854106\n|-terastallize|p2a: Overqwil|Water\n|move|p1a: Diancie|Diamond Storm|p2a: Overqwil\n|-damage|p2a: Overqwil|169/274\n|move|p2a: Overqwil|Swords Dance|p2a: Overqwil\n|-boost|p2a: Overqwil|atk|2\n|\n|-heal|p1a: Diancie|200/216|[from] item: Leftovers\n|upkeep\n|turn|4\n|\n|t:|1733854114\n|move|p1a: Diancie|Diamond Storm|p2a: Overqwil\n|-damage|p2a: Overqwil|61/274\n|move|p2a: Overqwil|Gunk Shot|p1a: Diancie\n|-damage|p1a: Diancie|83/216\n|-damage|p2a: Overqwil|34/274|[from] item: Life Orb\n|\n|-heal|p1a: Diancie|96/216|[from] item: Leftovers\n|upkeep\n|turn|5\n|-message|andreaschampion forfeited.\n|\n|win|Saundy99\n|raw|Saundy99's rating: 1178 &rarr; <strong>1204</strong><br />(+26 for winning)\n|raw|andreaschampion's rating: 1198 &rarr; <strong>1172</strong><br />(-26 for losing)\n|l|\u2606andreaschampion\n|player|p2|\n", "inputlog": ">version bfd83cad13791eb5a5a409923076391caf6fb4d4\n>start {\"formatid\":\"gen9randombattle\",\"seed\":[50246,551,10706,12327],\"rated\":\"Rated battle\"}\n>player p1 {\"name\":\"Saundy99\",\"avatar\":\"169\",\"rating\":1178,\"seed\":[58118,5664,22162,10162]}\n>player p2 {\"name\":\"andreaschampion\",\"avatar\":\"hilbert-wonderlauncher\",\"rating\":1198,\"seed\":[23566,4789,28058,36078]}\n>p1 move rockpolish\n>p2 switch 2\n>p1 move diamondstorm\n>p2 move flipturn\n>p2 switch 6\n>p1 move diamondstorm\n>p2 move swordsdance terastallize\n>p1 move diamondstorm\n>p2 move gunkshot\n>forcelose p2", "uploadtime": 1733854120, "views": 1, "formatid": "gen9randombattle", "rating": 1172, "private": 0, "password": null}