{"id": "gen9randombattle-2260374764", "format": "[Gen 9] Random Battle", "players": ["PugPugloso", "Cabeca de martelo"], "log": "|j|\u2606PugPugloso\n|j|\u2606Cabeca de martelo\n|t:|1733845360\n|gametype|singles\n|player|p1|PugPugloso|ethan|\n|player|p2|Cabeca de martelo|1|\n|teamsize|p1|6\n|teamsize|p2|6\n|gen|9\n|tier|[Gen 9] Random Battle\n|rule|Species Clause: Limit one of each Pok\u00e9mon\n|rule|HP Percentage Mod: HP is shown in percentages\n|rule|Sleep Clause Mod: Limit one foe put to sleep\n|rule|Illusion Level Mod: Illusion disguises the Pok\u00e9mon's true level\n|\n|t:|1733845360\n|start\n|switch|p1a: Meowscarada|Meowscarada, L78, F|247/247\n|switch|p2a: Regieleki|Regieleki, L79|256/256\n|turn|1\n|l|\u2606Cabeca de martelo\n|player|p2|\n|-message|PugPugloso forfeited.\n|\n|win|Cabeca de martelo\n|l|\u2606PugPugloso\n|player|p1|\n", "inputlog": ">version bfd83cad13791eb5a5a409923076391caf6fb4d4\n>start {\"formatid\":\"gen9randombattle\",\"seed\":[10607,56089,11723,60004]}\n>player p1 {\"name\":\"PugPugloso\",\"avatar\":\"ethan\",\"rating\":0,\"seed\":[46880,42730,25200,13003]}\n>player p2 {\"name\":\"Cabeca de martelo\",\"avatar\":\"1\",\"rating\":0,\"seed\":[7050,50160,32443,11621]}\n>forcelose p1", "uploadtime": 1733845416, "views": 1, "formatid": "gen9randombattle", "rating": null, "private": 0, "password": null}