{"id": "gen9randombattle-2260386610", "format": "[Gen 9] Random Battle", "players": ["HENRIQUEVL", "ricardo 123456"], "log": "|j|\u2606HENRIQUEVL\n|j|\u2606ricardo 123456\n|t:|1733846556\n|gametype|singles\n|player|p1|HENRIQUEVL|drayden|1053\n|player|p2|ricardo 123456|266|1024\n|teamsize|p1|6\n|teamsize|p2|6\n|gen|9\n|tier|[Gen 9] Random Battle\n|rated|\n|rule|Species Clause: Limit one of each Pok\u00e9mon\n|rule|HP Percentage Mod: HP is shown in percentages\n|rule|Sleep Clause Mod: Limit one foe put to sleep\n|rule|Illusion Level Mod: Illusion disguises the Pok\u00e9mon's true level\n|\n|t:|1733846556\n|start\n|switch|p1a: Infernape|Infernape, L82, F|259/259\n|switch|p2a: Palafin|Palafin, L77, F|281/281\n|turn|1\n|\n|t:|1733846564\n|switch|p1a: Exeggutor|Exeggutor-Alola, L89, F|314/314\n|detailschange|p2a: Palafin|Palafin-Hero, L77, F\n|switch|p2a: Fezandipiti|Fezandipiti, L82, M|278/278\n|\n|upkeep\n|turn|2\n|\n|t:|1733846577\n|switch|p1a: Minior|Minior-Yellow, L79|224/224\n|-formechange|p1a: Minior|Minior-Meteor||[from] ability: Shields Down\n|move|p2a: Fezandipiti|Heat Wave|p1a: Minior\n|-resisted|p1a: Minior\n|-crit|p1a: Minior\n|-damage|p1a: Minior|190/224\n|\n|upkeep\n|turn|3\n|\n|t:|1733846587\n|move|p2a: Fezandipiti|Gunk Shot|p1a: Minior\n|-resisted|p1a: Minior\n|-damage|p1a: Minior|135/224\n|move|p1a: Minior|Shell Smash|p1a: Minior\n|-unboost|p1a: Minior|def|1\n|-unboost|p1a: Minior|spd|1\n|-boost|p1a: Minior|atk|2\n|-boost|p1a: Minior|spa|2\n|-boost|p1a: Minior|spe|2\n|-enditem|p1a: Minior|White Herb\n|-clearnegativeboost|p1a: Minior|[silent]\n|\n|upkeep\n|turn|4\n|\n|t:|1733846600\n|move|p1a: Minior|Earthquake|p2a: Fezandipiti\n|-supereffective|p2a: Fezandipiti\n|-damage|p2a: Fezandipiti|92/278\n|move|p2a: Fezandipiti|U-turn|p1a: Minior\n|-resisted|p1a: Minior\n|-damage|p1a: Minior|112/224\n|\n|t:|1733846607\n|switch|p2a: Altaria|Altaria, L88, M|275/275|[from] U-turn\n|\n|-formechange|p1a: Minior|Minior-Yellow||[from] ability: Shields Down\n|upkeep\n|turn|5\n|\n|t:|1733846616\n|move|p1a: Minior|Power Gem|p2a: Altaria\n|-supereffective|p2a: Altaria\n|-damage|p2a: Altaria|0 fnt\n|faint|p2a: Altaria\n|\n|upkeep\n|\n|t:|1733846622\n|switch|p2a: Virizion|Virizion, L82|283/283\n|turn|6\n|\n|t:|1733846626\n|-terastallize|p2a: Virizion|Rock\n|move|p1a: Minior|Earthquake|p2a: Virizion\n|-supereffective|p2a: Virizion\n|-damage|p2a: Virizion|0 fnt\n|faint|p2a: Virizion\n|\n|upkeep\n|\n|t:|1733846632\n|switch|p2a: Venomoth|Venomoth, L84, F|255/255\n|turn|7\n|\n|t:|1733846636\n|move|p1a: Minior|Acrobatics|p2a: Venomoth\n|-supereffective|p2a: Venomoth\n|-damage|p2a: Venomoth|0 fnt\n|faint|p2a: Venomoth\n|\n|upkeep\n|-message|ricardo 123456 forfeited.\n|\n|win|HENRIQUEVL\n|raw|HENRIQUEVL's rating: 1053 &rarr; <strong>1082</strong><br />(+29 for winning)\n|raw|ricardo 123456's rating: 1024 &rarr; <strong>1012</strong><br />(-12 for losing)\n|l|\u2606ricardo 123456\n|player|p2|\n", "inputlog": ">version bfd83cad13791eb5a5a409923076391caf6fb4d4\n>start {\"formatid\":\"gen9randombattle\",\"seed\":[20384,21438,23897,13931],\"rated\":\"Rated battle\"}\n>player p1 {\"name\":\"HENRIQUEVL\",\"avatar\":\"drayden\",\"rating\":1053,\"seed\":[38683,22977,57297,5372]}\n>player p2 {\"name\":\"ricardo 123456\",\"avatar\":\"266\",\"rating\":1024,\"seed\":[56733,54928,28138,61940]}\n>p1 switch 3\n>p2 switch 2\n>p1 switch 5\n>p2 move heatwave\n>p1 move shellsmash\n>p2 move gunkshot\n>p1 move earthquake\n>p2 move uturn\n>p2 switch 4\n>p1 move powergem\n>p2 move bravebird\n>p2 switch 5\n>p1 move earthquake\n>p2 move closecombat terastallize\n>p2 switch 3\n>p1 move acrobatics\n>p2 move quiverdance\n>forcelose p2", "uploadtime": 1733846645, "views": 3, "formatid": "gen9randombattle", "rating": 1012, "private": 0, "password": null}