{"id": "gen9randombattle-2260843860", "format": "[Gen 9] Random Battle", "players": ["Fhhdufhdhdjdjed", "arcueid76"], "log": "|j|\u2606Fhhdufhdhdjdjed\n|j|\u2606arcueid76\n|t:|1733902690\n|gametype|singles\n|player|p1|Fhhdufhdhdjdjed|170|1138\n|player|p2|arcueid76|elesa|1183\n|teamsize|p1|6\n|teamsize|p2|6\n|gen|9\n|tier|[Gen 9] Random Battle\n|rated|\n|rule|Species Clause: Limit one of each Pok\u00e9mon\n|rule|HP Percentage Mod: HP is shown in percentages\n|rule|Sleep Clause Mod: Limit one foe put to sleep\n|rule|Illusion Level Mod: Illusion disguises the Pok\u00e9mon's true level\n|\n|t:|1733902690\n|start\n|switch|p1a: Dipplin|Dipplin, L88, F|284/284\n|switch|p2a: Quagsire|Quagsire, L84, M|297/297\n|turn|1\n|\n|t:|1733902705\n|switch|p2a: Regice|Regice, L88|284/284\n|move|p1a: Dipplin|Giga Drain|p2a: Regice\n|-damage|p2a: Regice|242/284\n|\n|upkeep\n|turn|2\n|\n|t:|1733902713\n|switch|p1a: Kleavor|Kleavor, L78, F|237/237\n|move|p2a: Regice|Thunder Wave|p1a: Kleavor\n|-status|p1a: Kleavor|par\n|\n|upkeep\n|turn|3\n|\n|t:|1733902728\n|move|p2a: Regice|Body Press|p1a: Kleavor\n|-damage|p1a: Kleavor|170/237 par\n|move|p1a: Kleavor|Stone Axe|p2a: Regice\n|-supereffective|p2a: Regice\n|-damage|p2a: Regice|32/284\n|-sidestart|p2: arcueid76|move: Stealth Rock\n|\n|upkeep\n|turn|4\n|\n|t:|1733902745\n|switch|p2a: Gurdurr|Gurdurr, L85, F|283/283\n|-damage|p2a: Gurdurr|266/283|[from] Stealth Rock\n|move|p1a: Kleavor|X-Scissor|p2a: Gurdurr\n|-resisted|p2a: Gurdurr\n|-damage|p2a: Gurdurr|220/283\n|\n|upkeep\n|turn|5\n|\n|t:|1733902759\n|switch|p1a: Kilowattrel|Kilowattrel, L83, F|252/252\n|move|p2a: Gurdurr|Mach Punch|p1a: Kilowattrel\n|-resisted|p1a: Kilowattrel\n|-damage|p1a: Kilowattrel|222/252\n|\n|upkeep\n|turn|6\n|\n|t:|1733902769\n|switch|p2a: Torterra|Torterra, L78, F|276/276\n|-damage|p2a: Torterra|259/276|[from] Stealth Rock\n|move|p1a: Kilowattrel|Hurricane|p2a: Torterra\n|-supereffective|p2a: Torterra\n|-damage|p2a: Torterra|0 fnt\n|faint|p2a: Torterra\n|\n|upkeep\n|\n|t:|1733902782\n|switch|p2a: Quagsire|Quagsire, L84, M|297/297\n|-damage|p2a: Quagsire|279/297|[from] Stealth Rock\n|turn|7\n|\n|t:|1733902788\n|switch|p1a: Kleavor|Kleavor, L78, F|170/237 par\n|move|p2a: Quagsire|Toxic||[still]\n|-fail|p2a: Quagsire\n|\n|-heal|p2a: Quagsire|297/297|[from] item: Leftovers\n|upkeep\n|turn|8\n|-message|arcueid76 forfeited.\n|\n|win|Fhhdufhdhdjdjed\n|raw|Fhhdufhdhdjdjed's rating: 1138 &rarr; <strong>1166</strong><br />(+28 for winning)\n|raw|arcueid76's rating: 1183 &rarr; <strong>1155</strong><br />(-28 for losing)\n|l|\u2606arcueid76\n|player|p2|\n", "inputlog": ">version bfd83cad13791eb5a5a409923076391caf6fb4d4\n>start {\"formatid\":\"gen9randombattle\",\"seed\":[9741,39816,4144,1657],\"rated\":\"Rated battle\"}\n>player p1 {\"name\":\"Fhhdufhdhdjdjed\",\"avatar\":\"170\",\"rating\":1138,\"seed\":[3513,18977,2125,52441]}\n>player p2 {\"name\":\"arcueid76\",\"avatar\":\"elesa\",\"rating\":1183,\"seed\":[21368,56382,55288,62864]}\n>p1 move gigadrain\n>p2 switch 6\n>p1 switch 2\n>p2 move thunderwave\n>p1 move stoneaxe\n>p2 move bodypress\n>p1 move xscissor\n>p2 switch 4\n>p1 switch 6\n>p2 move machpunch\n>p1 move hurricane\n>p2 switch 2\n>p2 switch 6\n>p1 switch 6\n>p2 move toxic\n>forcelose p2", "uploadtime": 1733902833, "views": 1, "formatid": "gen9randombattle", "rating": 1155, "private": 0, "password": null}