{"id": "gen9randombattle-2103376120", "format": "[Gen 9] Random Battle", "players": ["Norman2!", "pokeblade\u2606101"], "log": "|badge|p1|silver|gen9randombattle|30-1\n|uhtml|medal-msg|<div class=\"broadcast-blue\">Curious what those medals under the avatar are? PS now has Ladder Seasons! For more information, check out the <a href=\"https://www.smogon.com/forums/threads/3740067/\">thread on Smogon.</a></div>\n|badge|p2|gold|gen9randombattle|3-1\n|uhtml|medal-msg|<div class=\"broadcast-blue\">Curious what those medals under the avatar are? PS now has Ladder Seasons! For more information, check out the <a href=\"https://www.smogon.com/forums/threads/3740067/\">thread on Smogon.</a></div>\n|j|\u203dNorman2!\n|j|\u2606pokeblade\u2606101\n|t:|1713122011\n|gametype|singles\n|player|p1|Norman2!|101|2502\n|player|p2|pokeblade\u2606101|#rbtt7teamchiyu|2514\n|teamsize|p1|6\n|teamsize|p2|6\n|gen|9\n|tier|[Gen 9] Random Battle\n|rated|\n|rule|Species Clause: Limit one of each Pok\u00e9mon\n|rule|HP Percentage Mod: HP is shown in percentages\n|rule|Sleep Clause Mod: Limit one foe put to sleep\n|rule|Illusion Level Mod: Illusion disguises the Pok\u00e9mon's true level\n|\n|t:|1713122011\n|start\n|switch|p1a: Bronzong|Bronzong, L88|261/261\n|switch|p2a: Tatsugiri|Tatsugiri-Droopy, L86, M|257/257\n|turn|1\n|j|+Aqua\n|\n|t:|1713122032\n|move|p2a: Tatsugiri|Surf|p1a: Bronzong\n|-damage|p1a: Bronzong|164/261\n|move|p1a: Bronzong|Hypnosis|p2a: Tatsugiri|[miss]\n|-miss|p1a: Bronzong|p2a: Tatsugiri\n|\n|-heal|p1a: Bronzong|180/261|[from] item: Leftovers\n|upkeep\n|turn|2\n|\n|t:|1713122035\n|move|p2a: Tatsugiri|Surf|p1a: Bronzong\n|-damage|p1a: Bronzong|96/261\n|move|p1a: Bronzong|Hypnosis|p2a: Tatsugiri\n|-status|p2a: Tatsugiri|slp|[from] move: Hypnosis\n|\n|-heal|p1a: Bronzong|112/261|[from] item: Leftovers\n|upkeep\n|turn|3\n|\n|t:|1713122039\n|cant|p2a: Tatsugiri|slp\n|move|p1a: Bronzong|Stealth Rock|p2a: Tatsugiri\n|-sidestart|p2: pokeblade\u2606101|move: Stealth Rock\n|\n|-heal|p1a: Bronzong|128/261|[from] item: Leftovers\n|upkeep\n|turn|4\n|\n|t:|1713122043\n|switch|p1a: Sableye|Sableye, L90, F|236/236\n|cant|p2a: Tatsugiri|slp\n|\n|upkeep\n|turn|5\n|\n|t:|1713122046\n|switch|p2a: Houndoom|Houndoom, L86, F|269/269\n|move|p1a: Sableye|Foul Play|p2a: Houndoom\n|-resisted|p2a: Houndoom\n|-damage|p2a: Houndoom|192/269\n|\n|upkeep\n|turn|6\n|\n|t:|1713122053\n|switch|p1a: Muk|Muk-Alola, L82, F|306/306\n|move|p2a: Houndoom|Fire Blast|p1a: Muk\n|-damage|p1a: Muk|215/306\n|\n|upkeep\n|turn|7\n|\n|t:|1713122071\n|move|p2a: Houndoom|Fire Blast|p1a: Muk|[miss]\n|-miss|p2a: Houndoom|p1a: Muk\n|move|p1a: Muk|Poison Jab|p2a: Houndoom\n|-damage|p2a: Houndoom|74/269\n|-status|p2a: Houndoom|psn|[from] ability: Poison Touch|[of] p1a: Muk\n|\n|-damage|p2a: Houndoom|41/269 psn|[from] psn\n|upkeep\n|turn|8\n|\n|t:|1713122075\n|move|p2a: Houndoom|Fire Blast|p1a: Muk\n|-damage|p1a: Muk|127/306\n|move|p1a: Muk|Drain Punch|p2a: Houndoom\n|-supereffective|p2a: Houndoom\n|-damage|p2a: Houndoom|0 fnt\n|-heal|p1a: Muk|148/306|[from] drain|[of] p2a: Houndoom\n|faint|p2a: Houndoom\n|\n|upkeep\n|\n|t:|1713122082\n|switch|p2a: Breloom|Breloom, L82, M|233/233\n|-damage|p2a: Breloom|219/233|[from] Stealth Rock\n|turn|9\n|\n|t:|1713122092\n|move|p2a: Breloom|Spore|p1a: Muk\n|-status|p1a: Muk|slp|[from] move: Spore\n|cant|p1a: Muk|slp\n|\n|upkeep\n|turn|10\n|\n|t:|1713122099\n|move|p2a: Breloom|Bullet Seed|p1a: Muk\n|-resisted|p1a: Muk\n|-damage|p1a: Muk|113/306 slp\n|-resisted|p1a: Muk\n|-crit|p1a: Muk\n|-damage|p1a: Muk|57/306 slp\n|-hitcount|p1a: Muk|2\n|-damage|p2a: Breloom|196/233|[from] item: Life Orb\n|cant|p1a: Muk|slp\n|\n|upkeep\n|turn|11\n|\n|t:|1713122114\n|switch|p1a: Scizor|Scizor, L79, M|240/240\n|move|p2a: Breloom|Bullet Seed|p1a: Scizor\n|-resisted|p1a: Scizor\n|-damage|p1a: Scizor|224/240\n|-resisted|p1a: Scizor\n|-damage|p1a: Scizor|211/240\n|-resisted|p1a: Scizor\n|-damage|p1a: Scizor|195/240\n|-hitcount|p1a: Scizor|3\n|-damage|p2a: Breloom|173/233|[from] item: Life Orb\n|\n|-heal|p1a: Scizor|210/240|[from] item: Leftovers\n|upkeep\n|turn|12\n|\n|t:|1713122121\n|move|p2a: Breloom|Rock Tomb|p1a: Scizor\n|-damage|p1a: Scizor|116/240\n|-unboost|p1a: Scizor|spe|1\n|-damage|p2a: Breloom|150/233|[from] item: Life Orb\n|move|p1a: Scizor|Close Combat|p2a: Breloom\n|-damage|p2a: Breloom|40/233\n|-unboost|p1a: Scizor|def|1\n|-unboost|p1a: Scizor|spd|1\n|\n|-heal|p1a: Scizor|131/240|[from] item: Leftovers\n|upkeep\n|turn|13\n|\n|t:|1713122128\n|switch|p1a: Sableye|Sableye, L90, F|236/236\n|move|p2a: Breloom|Bullet Seed|p1a: Sableye\n|-damage|p1a: Sableye|166/236\n|-damage|p1a: Sableye|104/236\n|-damage|p1a: Sableye|36/236\n|-hitcount|p1a: Sableye|3\n|-damage|p2a: Breloom|17/233|[from] item: Life Orb\n|\n|-heal|p1a: Sableye|50/236|[from] item: Leftovers\n|upkeep\n|turn|14\n|\n|t:|1713122133\n|move|p1a: Sableye|Recover|p1a: Sableye\n|-heal|p1a: Sableye|168/236\n|move|p2a: Breloom|Bullet Seed|p1a: Sableye\n|-damage|p1a: Sableye|108/236\n|-damage|p1a: Sableye|44/236\n|-damage|p1a: Sableye|0 fnt\n|faint|p1a: Sableye\n|-hitcount|p1: Sableye|3\n|-damage|p2a: Breloom|0 fnt|[from] item: Life Orb\n|faint|p2a: Breloom\n|\n|upkeep\n|\n|t:|1713122145\n|switch|p2a: Raikou|Raikou, L81|278/278\n|switch|p1a: Minun|Minun, L95, M|268/268\n|-damage|p2a: Raikou|244/278|[from] Stealth Rock\n|-ability|p2a: Raikou|Pressure\n|turn|15\n|\n|t:|1713122153\n|switch|p2a: Rabsca|Rabsca, L91, F|284/284\n|move|p1a: Minun|Nasty Plot|p1a: Minun\n|-boost|p1a: Minun|spa|2\n|\n|upkeep\n|turn|16\n|\n|t:|1713122157\n|move|p1a: Minun|Thunderbolt|p2a: Rabsca\n|-damage|p2a: Rabsca|50/284\n|-damage|p1a: Minun|242/268|[from] item: Life Orb\n|move|p2a: Rabsca|Trick Room|p2a: Rabsca\n|-fieldstart|move: Trick Room|[of] p2a: Rabsca\n|\n|upkeep\n|turn|17\n|\n|t:|1713122168\n|move|p2a: Rabsca|Revival Blessing|p2a: Rabsca\n|j| Ayuubjuh\n|\n|t:|1713122170\n|-heal|p2: Breloom|116/233|[from] move: Revival Blessing\n|move|p1a: Minun|Thunderbolt|p2a: Rabsca\n|-damage|p2a: Rabsca|0 fnt\n|faint|p2a: Rabsca\n|-damage|p1a: Minun|216/268|[from] item: Life Orb\n|\n|upkeep\n|\n|t:|1713122173\n|switch|p2a: Breloom|Breloom, L82, M|116/233\n|-damage|p2a: Breloom|102/233|[from] Stealth Rock\n|turn|18\n|\n|t:|1713122192\n|switch|p1a: Scizor|Scizor, L79, M|131/240\n|move|p2a: Breloom|Rock Tomb|p1a: Scizor\n|-damage|p1a: Scizor|30/240\n|-unboost|p1a: Scizor|spe|1\n|-damage|p2a: Breloom|79/233|[from] item: Life Orb\n|\n|-heal|p1a: Scizor|45/240|[from] item: Leftovers\n|upkeep\n|turn|19\n|\n|t:|1713122200\n|move|p1a: Scizor|Bullet Punch|p2a: Breloom\n|-damage|p2a: Breloom|0 fnt\n|faint|p2a: Breloom\n|\n|-heal|p1a: Scizor|60/240|[from] item: Leftovers\n|upkeep\n|\n|t:|1713122207\n|switch|p2a: Tatsugiri|Tatsugiri-Droopy, L86, M|257/257 slp\n|turn|20\n|\n|t:|1713122210\n|move|p1a: Scizor|Knock Off|p2a: Tatsugiri\n|-damage|p2a: Tatsugiri|162/257 slp\n|-enditem|p2a: Tatsugiri|Heavy-Duty Boots|[from] move: Knock Off|[of] p1a: Scizor\n|cant|p2a: Tatsugiri|slp\n|\n|-heal|p1a: Scizor|75/240|[from] item: Leftovers\n|-fieldend|move: Trick Room\n|upkeep\n|turn|21\n|\n|t:|1713122230\n|-curestatus|p2a: Tatsugiri|slp|[msg]\n|move|p2a: Tatsugiri|Rapid Spin|p1a: Scizor\n|-resisted|p1a: Scizor\n|-damage|p1a: Scizor|64/240\n|-boost|p2a: Tatsugiri|spe|1\n|-sideend|p2: pokeblade\u2606101|Stealth Rock|[from] move: Rapid Spin|[of] p2a: Tatsugiri\n|move|p1a: Scizor|Close Combat|p2a: Tatsugiri\n|-damage|p2a: Tatsugiri|32/257\n|-unboost|p1a: Scizor|def|1\n|-unboost|p1a: Scizor|spd|1\n|\n|-heal|p1a: Scizor|79/240|[from] item: Leftovers\n|upkeep\n|turn|22\n|\n|t:|1713122237\n|switch|p2a: Raikou|Raikou, L81|244/278\n|-ability|p2a: Raikou|Pressure\n|move|p1a: Scizor|Bullet Punch|p2a: Raikou\n|-resisted|p2a: Raikou\n|-damage|p2a: Raikou|205/278\n|\n|-heal|p1a: Scizor|94/240|[from] item: Leftovers\n|upkeep\n|turn|23\n|\n|t:|1713122241\n|move|p2a: Raikou|Scald|p1a: Scizor\n|-crit|p1a: Scizor\n|-damage|p1a: Scizor|0 fnt\n|faint|p1a: Scizor\n|\n|upkeep\n|\n|t:|1713122243\n|switch|p1a: Minun|Minun, L95, M|216/268\n|turn|24\n|\n|t:|1713122249\n|-terastallize|p1a: Minun|Grass\n|move|p1a: Minun|Nasty Plot|p1a: Minun\n|-boost|p1a: Minun|spa|2\n|move|p2a: Raikou|Scald|p1a: Minun\n|-resisted|p1a: Minun\n|-damage|p1a: Minun|178/268\n|\n|upkeep\n|turn|25\n|\n|t:|1713122256\n|switch|p2a: Tatsugiri|Tatsugiri-Droopy, L86, M|32/257\n|move|p1a: Minun|Grass Knot|p2a: Tatsugiri\n|-damage|p2a: Tatsugiri|0 fnt\n|faint|p2a: Tatsugiri\n|-damage|p1a: Minun|152/268|[from] item: Life Orb\n|\n|upkeep\n|\n|t:|1713122259\n|switch|p2a: Lokix|Lokix, L82, M|251/251\n|turn|26\n|\n|t:|1713122275\n|switch|p1a: Muk|Muk-Alola, L82, F|57/306 slp\n|move|p2a: Lokix|First Impression|p1a: Muk\n|-damage|p1a: Muk|0 fnt\n|faint|p1a: Muk\n|-damage|p2a: Lokix|226/251|[from] item: Life Orb\n|\n|upkeep\n|\n|t:|1713122280\n|switch|p1a: Hariyama|Hariyama, L87, M|392/392\n|turn|27\n|\n|t:|1713122288\n|switch|p2a: Raikou|Raikou, L81|205/278\n|-ability|p2a: Raikou|Pressure\n|move|p1a: Hariyama|Close Combat|p2a: Raikou\n|-damage|p2a: Raikou|16/278\n|-unboost|p1a: Hariyama|def|1\n|-unboost|p1a: Hariyama|spd|1\n|\n|-status|p1a: Hariyama|brn|[from] item: Flame Orb\n|upkeep\n|turn|28\n|\n|t:|1713122297\n|switch|p1a: Minun|Minun, L95, M, tera:Grass|152/268\n|move|p2a: Raikou|Shadow Ball|p1a: Minun\n|-damage|p1a: Minun|63/268\n|\n|upkeep\n|turn|29\n|\n|t:|1713122300\n|switch|p2a: Lokix|Lokix, L82, M|226/251\n|move|p1a: Minun|Alluring Voice|p2a: Lokix\n|-supereffective|p2a: Lokix\n|-damage|p2a: Lokix|0 fnt\n|faint|p2a: Lokix\n|-damage|p1a: Minun|37/268|[from] item: Life Orb\n|\n|upkeep\n|-message|pokeblade\u2606101 forfeited.\n|\n|win|Norman2!\n|raw|Norman2!'s rating: 2502 &rarr; <strong>2523</strong><br />(+21 for winning)\n|raw|pokeblade\u2606101's rating: 2514 &rarr; <strong>2493</strong><br />(-21 for losing)\n|l|\u2606pokeblade\u2606101\n|player|p2|\n", "inputlog": ">version e08b9f713b225c86089381287773fa099c38b404\n>start {\"formatid\":\"gen9randombattle\",\"seed\":[23938,37613,44910,15966],\"rated\":\"Rated battle\"}\n>player p1 {\"name\":\"Norman2!\",\"avatar\":\"101\",\"rating\":2502,\"seed\":[5284,20161,31449,26140]}\n>player p2 {\"name\":\"pokeblade\u2606101\",\"avatar\":\"#rbtt7teamchiyu\",\"rating\":2514,\"seed\":[13412,3414,29212,49397]}\n>p1 move hypnosis\n>p2 move surf\n>p1 move hypnosis\n>p2 move surf\n>p1 move stealthrock\n>p2 move surf\n>p1 switch 2\n>p2 move rapidspin\n>p1 move foulplay\n>p2 switch 3\n>p1 switch 4\n>p2 move fireblast\n>p1 move poisonjab\n>p2 move fireblast\n>p1 move drainpunch\n>p2 move fireblast\n>p2 switch 2\n>p1 move poisonjab\n>p2 move spore\n>p1 move poisonjab\n>p2 move bulletseed\n>p1 switch 5\n>p2 move bulletseed\n>p1 move closecombat\n>p2 move rocktomb\n>p1 switch 4\n>p2 move bulletseed\n>p1 move recover\n>p2 move bulletseed\n>p1 switch 3\n>p2 switch 6\n>p1 move nastyplot\n>p2 switch 4\n>p1 move thunderbolt\n>p2 move trickroom\n>p1 move thunderbolt\n>p2 move revivalblessing\n>p2 switch 6\n>p2 switch 6\n>p1 switch 4\n>p2 move rocktomb\n>p1 move bulletpunch\n>p2 move machpunch\n>p2 switch 3\n>p1 move knockoff\n>p2 move rapidspin\n>p1 move closecombat\n>p2 move rapidspin\n>p1 move bulletpunch\n>p2 switch 4\n>p1 move knockoff\n>p2 move scald\n>p1 switch 4\n>p1 move nastyplot terastallize\n>p2 move scald\n>p1 move grassknot\n>p2 switch 4\n>p2 switch 5\n>p1 switch 5\n>p2 move firstimpression\n>p1 switch 6\n>p1 move closecombat\n>p2 switch 4\n>p1 switch 5\n>p2 move shadowball\n>p1 move alluringvoice\n>p2 switch 4\n>forcelose p2", "uploadtime": 1713122307, "views": 271, "formatid": "gen9randombattle", "rating": 2493, "private": 0, "password": null}