{"id": "gen9randombattle-2146384440", "format": "[Gen 9] Random Battle", "players": ["chichi732", "paysa"], "log": "|badge|p1|bronze|gen9randombattle|100-1\n|uhtml|medal-msg|<div class=\"broadcast-blue\">Curious what those medals under the avatar are? PS now has Ladder Seasons! For more information, check out the <a href=\"https://www.smogon.com/forums/threads/3740067/\">thread on Smogon.</a></div>\n|badge|p2|bronze|gen9randombattle|100-1\n|uhtml|medal-msg|<div class=\"broadcast-blue\">Curious what those medals under the avatar are? PS now has Ladder Seasons! For more information, check out the <a href=\"https://www.smogon.com/forums/threads/3740067/\">thread on Smogon.</a></div>\n|j|\u2606chichi732\n|j|\u2606paysa\n|t:|1718824181\n|gametype|singles\n|player|p1|chichi732|hiker-gen4|2347\n|player|p2|paysa|caitlin|2373\n|teamsize|p1|6\n|teamsize|p2|6\n|gen|9\n|tier|[Gen 9] Random Battle\n|rated|\n|rule|Species Clause: Limit one of each Pok\u00e9mon\n|rule|HP Percentage Mod: HP is shown in percentages\n|rule|Sleep Clause Mod: Limit one foe put to sleep\n|rule|Illusion Level Mod: Illusion disguises the Pok\u00e9mon's true level\n|\n|t:|1718824181\n|start\n|switch|p1a: Klawf|Klawf, L90, M|272/272\n|switch|p2a: Golduck|Golduck, L90, F|290/290\n|-ability|p2a: Golduck|Cloud Nine\n|turn|1\n|inactive|Battle timer is ON: inactive players will automatically lose when time's up. (requested by paysa)\n|\n|t:|1718824205\n|switch|p1a: Whimsicott|Whimsicott, L85, F|241/241\n|move|p2a: Golduck|Nasty Plot|p2a: Golduck\n|-boost|p2a: Golduck|spa|2\n|\n|upkeep\n|turn|2\n|\n|t:|1718824211\n|move|p1a: Whimsicott|Substitute|p1a: Whimsicott\n|-start|p1a: Whimsicott|Substitute\n|-damage|p1a: Whimsicott|181/241\n|move|p2a: Golduck|Ice Beam|p1a: Whimsicott\n|-supereffective|p1a: Whimsicott\n|-end|p1a: Whimsicott|Substitute\n|-damage|p2a: Golduck|261/290|[from] item: Life Orb\n|\n|-heal|p1a: Whimsicott|196/241|[from] item: Leftovers\n|upkeep\n|turn|3\n|\n|t:|1718824221\n|move|p1a: Whimsicott|Substitute|p1a: Whimsicott\n|-start|p1a: Whimsicott|Substitute\n|-damage|p1a: Whimsicott|136/241\n|move|p2a: Golduck|Ice Beam|p1a: Whimsicott\n|-supereffective|p1a: Whimsicott\n|-end|p1a: Whimsicott|Substitute\n|-damage|p2a: Golduck|232/290|[from] item: Life Orb\n|\n|-heal|p1a: Whimsicott|151/241|[from] item: Leftovers\n|upkeep\n|turn|4\n|c|\u2606chichi732|this thing without encore is so bad\n|\n|t:|1718824233\n|switch|p2a: Illumise|Illumise, L91, F|266/266\n|move|p1a: Whimsicott|Substitute|p1a: Whimsicott\n|-start|p1a: Whimsicott|Substitute\n|-damage|p1a: Whimsicott|91/241\n|\n|-heal|p1a: Whimsicott|106/241|[from] item: Leftovers\n|upkeep\n|turn|5\n|\n|t:|1718824239\n|switch|p1a: Klawf|Klawf, L90, M|272/272\n|move|p2a: Illumise|Bug Buzz|p1a: Klawf\n|-damage|p1a: Klawf|146/272\n|\n|upkeep\n|turn|6\n|c|\u2606paysa|agreed\n|j| Swente\n|\n|t:|1718824260\n|switch|p2a: Golduck|Golduck, L90, F|232/290\n|-ability|p2a: Golduck|Cloud Nine\n|move|p1a: Klawf|Stone Edge|p2a: Golduck\n|-damage|p2a: Golduck|63/290\n|-damage|p1a: Klawf|119/272|[from] item: Life Orb\n|\n|upkeep\n|turn|7\n|c|\u2606chichi732|although nothing it worse than treads or great tusk without rapid spin\n|c|\u2606chichi732|like thats what u do lol\n|c|\u2606paysa|great tusk can be ok\n|\n|t:|1718824282\n|move|p2a: Golduck|Ice Beam|p1a: Klawf\n|-damage|p1a: Klawf|0 fnt\n|faint|p1a: Klawf\n|-damage|p2a: Golduck|34/290|[from] item: Life Orb\n|\n|upkeep\n|c|\u2606paysa|treads just sucks\n|\n|t:|1718824285\n|switch|p1a: Whimsicott|Whimsicott, L85, F|106/241\n|turn|8\n|c|\u2606paysa|(without spin)\n|\n|t:|1718824290\n|switch|p2a: Illumise|Illumise, L91, F|266/266\n|move|p1a: Whimsicott|Moonblast|p2a: Illumise\n|-damage|p2a: Illumise|187/266\n|\n|-heal|p1a: Whimsicott|121/241|[from] item: Leftovers\n|upkeep\n|turn|9\n|c|\u2606chichi732|its only good as a bolt counter\n|c|\u2606chichi732|or miradon\n|c|\u2606paysa|meh, its not like this is ou\n|c|\u2606chichi732|until it hits specs overheat lol\n|\n|t:|1718824319\n|move|p2a: Illumise|Thunder Wave|p1a: Whimsicott\n|-status|p1a: Whimsicott|par\n|cant|p1a: Whimsicott|par\n|\n|-heal|p1a: Whimsicott|136/241 par|[from] item: Leftovers\n|upkeep\n|turn|10\n|\n|t:|1718824324\n|move|p1a: Whimsicott|Leech Seed|p2a: Illumise\n|-start|p2a: Illumise|move: Leech Seed\n|move|p2a: Illumise|Bug Buzz|p1a: Whimsicott\n|-damage|p1a: Whimsicott|40/241 par\n|\n|-heal|p1a: Whimsicott|55/241 par|[from] item: Leftovers\n|-damage|p2a: Illumise|154/266|[from] Leech Seed|[of] p1a: Whimsicott\n|-heal|p1a: Whimsicott|88/241 par|[silent]\n|upkeep\n|turn|11\n|\n|t:|1718824333\n|switch|p2a: Volcanion|Volcanion, L79|255/255\n|switch|p1a: Electrode|Electrode, L92|260/260\n|\n|upkeep\n|turn|12\n|\n|t:|1718824345\n|switch|p2a: Sinistcha|Sinistcha-Masterpiece, L83|254/254\n|move|p1a: Electrode|Volt Switch|p2a: Sinistcha\n|-resisted|p2a: Sinistcha\n|-damage|p2a: Sinistcha|210/254\n|c|\u2606chichi732|oh no\n|c|\u2606chichi732|not this demon\n|c|\u2606paysa|teatime\n|\n|t:|1718824367\n|switch|p1a: Porygon-Z|Porygon-Z, L83|277/277|[from] Volt Switch\n|-ability|p1a: Porygon-Z|Download|boost\n|-boost|p1a: Porygon-Z|spa|1\n|\n|-heal|p2a: Sinistcha|225/254|[from] item: Leftovers\n|upkeep\n|turn|13\n|c|\u2606paysa|this is a demon in its own right\n|\n|t:|1718824383\n|switch|p2a: Indeedee|Indeedee-F, L90, F|272/272\n|-fieldstart|move: Psychic Terrain|[from] ability: Psychic Surge|[of] p2a: Indeedee\n|move|p1a: Porygon-Z|Shadow Ball|p2a: Indeedee\n|-immune|p2a: Indeedee\n|\n|upkeep\n|turn|14\n|\n|t:|1718824397\n|switch|p1a: Whimsicott|Whimsicott, L85, F|88/241 par\n|move|p2a: Indeedee|Psychic|p1a: Whimsicott\n|-damage|p1a: Whimsicott|0 fnt\n|faint|p1a: Whimsicott\n|-damage|p2a: Indeedee|245/272|[from] item: Life Orb\n|\n|upkeep\n|\n|t:|1718824401\n|switch|p1a: Electrode|Electrode, L92|260/260\n|turn|15\n|j| Shaky3\n|\n|t:|1718824430\n|switch|p2a: Illumise|Illumise, L91, F|154/266\n|move|p1a: Electrode|Foul Play|p2a: Illumise\n|-damage|p2a: Illumise|120/266\n|\n|upkeep\n|turn|16\n|\n|t:|1718824436\n|move|p2a: Illumise|Roost|p2a: Illumise\n|-heal|p2a: Illumise|253/266\n|-singleturn|p2a: Illumise|move: Roost\n|move|p1a: Electrode|Thunderbolt|p2a: Illumise\n|-damage|p2a: Illumise|162/266\n|-status|p2a: Illumise|par\n|\n|upkeep\n|turn|17\n|\n|t:|1718824443\n|move|p1a: Electrode|Thunderbolt|p2a: Illumise\n|-damage|p2a: Illumise|62/266 par\n|move|p2a: Illumise|Bug Buzz|p1a: Electrode\n|-immune|p1a: Electrode|[from] ability: Soundproof\n|\n|-fieldend|move: Psychic Terrain\n|upkeep\n|turn|18\n|c|\u2606chichi732|the perfect counter\n|c|\u2606chichi732|lol\n|c|\u2606paysa|hm\n|\n|t:|1718824455\n|cant|p2a: Illumise|par\n|move|p1a: Electrode|Thunderbolt|p2a: Illumise\n|-damage|p2a: Illumise|0 fnt\n|faint|p2a: Illumise\n|\n|upkeep\n|c|\u2606paysa|that was unfortunate\n|\n|t:|1718824472\n|switch|p2a: Sinistcha|Sinistcha-Masterpiece, L83|225/254\n|turn|19\n|c|\u2606chichi732|i now have a chance to win\n|\n|t:|1718824478\n|move|p1a: Electrode|Volt Switch|p2a: Sinistcha\n|-resisted|p2a: Sinistcha\n|-crit|p2a: Sinistcha\n|-damage|p2a: Sinistcha|159/254\n|\n|t:|1718824481\n|switch|p1a: Porygon-Z|Porygon-Z, L83|277/277|[from] Volt Switch\n|-ability|p1a: Porygon-Z|Download|boost\n|-boost|p1a: Porygon-Z|spa|1\n|move|p2a: Sinistcha|Matcha Gotcha|p1a: Porygon-Z\n|-damage|p1a: Porygon-Z|166/277\n|-heal|p2a: Sinistcha|215/254|[from] drain|[of] p1a: Porygon-Z\n|\n|-heal|p2a: Sinistcha|230/254|[from] item: Leftovers\n|upkeep\n|turn|20\n|\n|t:|1718824492\n|switch|p2a: Golduck|Golduck, L90, F|34/290\n|-ability|p2a: Golduck|Cloud Nine\n|move|p1a: Porygon-Z|Agility|p1a: Porygon-Z\n|-boost|p1a: Porygon-Z|spe|2\n|\n|upkeep\n|turn|21\n|\n|t:|1718824500\n|move|p1a: Porygon-Z|Tera Blast|p2a: Golduck\n|-damage|p2a: Golduck|0 fnt\n|faint|p2a: Golduck\n|-damage|p1a: Porygon-Z|139/277|[from] item: Life Orb\n|\n|upkeep\n|inactive|paysa has 120 seconds left.\n|inactive|paysa has 90 seconds left.\n|inactive|paysa has 60 seconds left.\n|\n|t:|1718824586\n|switch|p2a: Volcanion|Volcanion, L79|255/255\n|turn|22\n|\n|t:|1718824590\n|move|p1a: Porygon-Z|Tera Blast|p2a: Volcanion\n|-damage|p2a: Volcanion|41/255\n|-damage|p1a: Porygon-Z|112/277|[from] item: Life Orb\n|move|p2a: Volcanion|Steam Eruption|p1a: Porygon-Z\n|-damage|p1a: Porygon-Z|0 fnt\n|faint|p1a: Porygon-Z\n|\n|upkeep\n|\n|t:|1718824594\n|switch|p1a: Electrode|Electrode, L92|260/260\n|turn|23\n|l| Shaky3\n|l| Swente\n|\n|t:|1718824610\n|move|p1a: Electrode|Volt Switch|p2a: Volcanion\n|-supereffective|p2a: Volcanion\n|-damage|p2a: Volcanion|0 fnt\n|faint|p2a: Volcanion\n|j| Shaky3\n|c|\u2606paysa|reveal number 5\n|c|\u2606chichi732|hmmm\n|j| shitface69\n|inactive|chichi732 has 120 seconds left.\n|c|\u2606chichi732|heres the mon i cant win with\n|\n|t:|1718824648\n|switch|p1a: Breloom|Breloom, L82, F|233/233|[from] Volt Switch\n|\n|upkeep\n|c|\u2606paysa|this makes me think u dont have great sinistcha answers\n|c|\u2606paysa|ah\n|inactive|paysa has 60 seconds left.\n|c|\u2606paysa|would you like me to just get rid of it\n|l| Shaky3\n|c|\u2606chichi732|yes pls\n|\n|t:|1718824684\n|switch|p2a: Indeedee|Indeedee-F, L90, F|245/272\n|-fieldstart|move: Psychic Terrain|[from] ability: Psychic Surge|[of] p2a: Indeedee\n|turn|24\n|j| Shaky3\n|\n|t:|1718824687\n|move|p2a: Indeedee|Psychic|p1a: Breloom\n|-supereffective|p1a: Breloom\n|-damage|p1a: Breloom|0 fnt\n|faint|p1a: Breloom\n|-damage|p2a: Indeedee|218/272|[from] item: Life Orb\n|\n|upkeep\n|c|\u2606paysa|gn breloom\n|c|\u2606chichi732|now its time\n|\n|t:|1718824696\n|switch|p1a: Oricorio|Oricorio, L84, M|263/263\n|turn|25\n|c|\u2606paysa|please dont do this\n|inactive|paysa has 60 seconds left.\n|c|\u2606chichi732|my only chance\n|c|\u2606paysa|guess il have to click this\n|\n|t:|1718824716\n|move|p2a: Indeedee|Psychic|p1a: Oricorio\n|-damage|p1a: Oricorio|59/263\n|-damage|p2a: Indeedee|191/272|[from] item: Life Orb\n|move|p1a: Oricorio|Quiver Dance|p1a: Oricorio\n|-boost|p1a: Oricorio|spa|1\n|-boost|p1a: Oricorio|spd|1\n|-boost|p1a: Oricorio|spe|1\n|\n|upkeep\n|turn|26\n|c|\u2606chichi732|this thing does a lot of damage to me\n|inactive|paysa has 60 seconds left.\n|c|\u2606paysa|oh wait\n|c|\u2606chichi732|ouch\n|c|\u2606paysa|speed tie\n|inactive|chichi732 has 120 seconds left.\n|\n|t:|1718824751\n|move|p1a: Oricorio|Roost|p1a: Oricorio\n|-heal|p1a: Oricorio|191/263\n|-singleturn|p1a: Oricorio|move: Roost\n|move|p2a: Indeedee|Psychic|p1a: Oricorio\n|-damage|p1a: Oricorio|47/263\n|-damage|p2a: Indeedee|164/272|[from] item: Life Orb\n|\n|upkeep\n|turn|27\n|inactive|chichi732 has 120 seconds left.\n|\n|t:|1718824760\n|move|p1a: Oricorio|Roost|p1a: Oricorio\n|-heal|p1a: Oricorio|179/263\n|-singleturn|p1a: Oricorio|move: Roost\n|move|p2a: Indeedee|Psychic|p1a: Oricorio\n|-damage|p1a: Oricorio|39/263\n|-damage|p2a: Indeedee|137/272|[from] item: Life Orb\n|\n|upkeep\n|turn|28\n|c|\u2606paysa|two more turns, can i get lucky\n|inactive|chichi732 has 120 seconds left.\n|\n|t:|1718824787\n|move|p1a: Oricorio|Roost|p1a: Oricorio\n|-heal|p1a: Oricorio|171/263\n|-singleturn|p1a: Oricorio|move: Roost\n|move|p2a: Indeedee|Psychic|p1a: Oricorio\n|-damage|p1a: Oricorio|37/263\n|-damage|p2a: Indeedee|110/272|[from] item: Life Orb\n|\n|-fieldend|move: Psychic Terrain\n|upkeep\n|turn|29\n|\n|t:|1718824793\n|move|p1a: Oricorio|Roost|p1a: Oricorio\n|-heal|p1a: Oricorio|169/263\n|-singleturn|p1a: Oricorio|move: Roost\n|move|p2a: Indeedee|Psychic|p1a: Oricorio\n|-damage|p1a: Oricorio|48/263\n|-damage|p2a: Indeedee|83/272|[from] item: Life Orb\n|\n|upkeep\n|turn|30\n|\n|t:|1718824796\n|move|p1a: Oricorio|Roost|p1a: Oricorio\n|-heal|p1a: Oricorio|180/263\n|-singleturn|p1a: Oricorio|move: Roost\n|move|p2a: Indeedee|Psychic|p1a: Oricorio\n|-damage|p1a: Oricorio|63/263\n|-damage|p2a: Indeedee|56/272|[from] item: Life Orb\n|\n|upkeep\n|turn|31\n|inactive|chichi732 has 120 seconds left.\n|\n|t:|1718824806\n|move|p1a: Oricorio|Roost|p1a: Oricorio\n|-heal|p1a: Oricorio|195/263\n|-singleturn|p1a: Oricorio|move: Roost\n|move|p2a: Indeedee|Psychic|p1a: Oricorio\n|-damage|p1a: Oricorio|92/263\n|-damage|p2a: Indeedee|29/272|[from] item: Life Orb\n|\n|upkeep\n|turn|32\n|\n|t:|1718824810\n|move|p1a: Oricorio|Revelation Dance|p2a: Indeedee\n|-damage|p2a: Indeedee|0 fnt\n|faint|p2a: Indeedee\n|\n|upkeep\n|c|\u2606chichi732|hopefully thats enough health\n|c|\u2606paysa|sorry for what im about to do\n|\n|t:|1718824826\n|switch|p2a: Azelf|Azelf, L82|257/257\n|turn|33\n|c|\u2606chichi732|oh no\n|c|\u2606paysa|goodnight :)\n|inactive|chichi732 has 120 seconds left.\n|c|\u2606chichi732|hmm\n|c|\u2606paysa|tbh\n|\n|t:|1718824863\n|switch|p1a: Electrode|Electrode, L92|260/260\n|move|p2a: Azelf|Knock Off|p1a: Electrode\n|-damage|p1a: Electrode|142/260\n|-enditem|p1a: Electrode|Assault Vest|[from] move: Knock Off|[of] p2a: Azelf\n|-damage|p2a: Azelf|232/257|[from] item: Life Orb\n|\n|upkeep\n|turn|34\n|c|\u2606paysa|i lied\n|c|\u2606chichi732|either way if u tera dark knock i just die\n|\n|t:|1718824894\n|switch|p2a: Sinistcha|Sinistcha-Masterpiece, L83|230/254\n|move|p1a: Electrode|Foul Play|p2a: Sinistcha\n|-supereffective|p2a: Sinistcha\n|-damage|p2a: Sinistcha|162/254\n|\n|-heal|p2a: Sinistcha|177/254|[from] item: Leftovers\n|upkeep\n|turn|35\n|c|\u2606paysa|ah\n|inactive|chichi732 has 90 seconds left.\n|c|\u2606paysa|i thought u feared explosion\n|inactive|paysa has 90 seconds left.\n|c|\u2606chichi732|i did for sure\n|l| Shaky3\n|c|\u2606chichi732|switch played fo rboth\n|c|\u2606chichi732|now im in a pickle\n|c|\u2606chichi732|but i got a strange play\n|\n|t:|1718824937\n|-terastallize|p1a: Electrode|Dark\n|move|p1a: Electrode|Foul Play|p2a: Sinistcha\n|-supereffective|p2a: Sinistcha\n|-damage|p2a: Sinistcha|87/254\n|move|p2a: Sinistcha|Shadow Ball|p1a: Electrode\n|-resisted|p1a: Electrode\n|-damage|p1a: Electrode|91/260\n|\n|-heal|p2a: Sinistcha|102/254|[from] item: Leftovers\n|upkeep\n|turn|36\n|c|\u2606chichi732|35\n|c|\u2606chichi732|sinful\n|inactive|paysa has 90 seconds left.\n|c|\u2606paysa|hm\n|inactive|paysa has 60 seconds left.\n|c|\u2606paysa|this is kinda tough\n|c|\u2606chichi732|tera steel pls\n|c|\u2606paysa|on the volt switch? im not crazy\n|c|\u2606chichi732|hehehe\n|inactive|paysa has 30 seconds left.\n|inactive|paysa has 20 seconds left.\n|inactive|paysa has 15 seconds left.\n|inactive|paysa has 10 seconds left.\n|\n|t:|1718825028\n|move|p1a: Electrode|Foul Play|p2a: Sinistcha\n|-supereffective|p2a: Sinistcha\n|-damage|p2a: Sinistcha|0 fnt\n|faint|p2a: Sinistcha\n|\n|upkeep\n|inactive|paysa has 15 seconds left this turn.\n|\n|t:|1718825031\n|switch|p2a: Azelf|Azelf, L82|232/257\n|turn|37\n|inactive|paysa has 25 seconds left this turn.\n|c|\u2606chichi732|ROLL!\n|j| Shaky3\n|inactive|paysa has 20 seconds left.\n|inactive|paysa has 15 seconds left.\n|c|\u2606paysa|i actually preferred to faint there\n|inactive|paysa has 10 seconds left.\n|c|\u2606paysa|no\n|inactive|paysa has 5 seconds left.\n|c|\u2606paysa|i didnt\n|c|\u2606paysa|f\n|\n|t:|1718825054\n|-terastallize|p2a: Azelf|Fire\n|move|p1a: Electrode|Volt Switch|p2a: Azelf\n|-damage|p2a: Azelf|132/257\n|inactive|paysa has 10 seconds left this turn.\n|c|\u2606chichi732|its jover\n|\n|t:|1718825060\n|switch|p1a: Oricorio|Oricorio, L84, M|92/263|[from] Volt Switch\n|move|p2a: Azelf|Fire Blast|p1a: Oricorio\n|-resisted|p1a: Oricorio\n|-damage|p1a: Oricorio|0 fnt\n|faint|p1a: Oricorio\n|-damage|p2a: Azelf|107/257|[from] item: Life Orb\n|\n|upkeep\n|inactive|paysa has 15 seconds left this turn.\n|c|\u2606paysa|ggwp\n|\n|t:|1718825061\n|switch|p1a: Electrode|Electrode, L92, tera:Dark|91/260\n|turn|38\n|inactive|paysa has 25 seconds left this turn.\n|c|\u2606chichi732|KABOOM\n|\n|t:|1718825067\n|move|p1a: Electrode|Explosion|p2a: Azelf\n|-damage|p2a: Azelf|0 fnt\n|faint|p1a: Electrode\n|faint|p2a: Azelf\n|\n|win|paysa\n|inactive|paysa has 30 seconds left this turn.\n|raw|chichi732's rating: 2347 &rarr; <strong>2328</strong><br />(-19 for losing)\n|raw|paysa's rating: 2373 &rarr; <strong>2392</strong><br />(+19 for winning)\n|c|\u2606paysa|NOOOOOOOOOOOOOO\n|c|\u2606chichi732|wait\n|c|\u2606paysa|wait\n|c|\u2606paysa|brother\n|c|\u2606chichi732|i loose from that?\n|c|\u2606paysa|...\n|c| shitface69|lmfao\n|c|\u2606paysa|im so sorry\n|c|\u2606chichi732|thought it worked like d-bond\n|c| shitface69|that happened to me once\n|c|\u2606paysa|explosion always kills you first\n|c|\u2606chichi732|welp\n|c|\u2606paysa|this was a match of all time\n|l| shitface69\n|j|@Frozoid\n|l| Shaky3\n|c|\u2606paysa|il hit no1 for the sacrifices you made\n|c|\u2606chichi732|ah foul play always killed rip\n|c|\u2606paysa|so did tbolt\n|c|\u2606chichi732|gg shit was fun\n|c|\u2606paysa|ggs\n", "inputlog": ">version 8819e60f9a01cede7471b534a2fb53a3a85674fc\n>start {\"formatid\":\"gen9randombattle\",\"seed\":[30916,56669,30337,16321],\"rated\":\"Rated battle\"}\n>player p1 {\"name\":\"chichi732\",\"avatar\":\"hiker-gen4\",\"rating\":2347,\"seed\":[22506,57137,57922,56466]}\n>player p2 {\"name\":\"paysa\",\"avatar\":\"caitlin\",\"rating\":2373,\"seed\":[9204,30689,42970,62393]}\n>p1 switch 2\n>p2 move nastyplot\n>p1 move substitute\n>p2 move icebeam\n>p1 move substitute\n>p2 move icebeam\n>chat \u2606chichi732|this thing without encore is so bad\n>p1 move substitute\n>p2 switch 6\n>p1 switch 2\n>p2 move bugbuzz\n>chat \u2606paysa|agreed\n>p1 move stoneedge\n>p2 switch 6\n>chat \u2606chichi732|although nothing it worse than treads or great tusk without rapid spin\n>chat \u2606chichi732|like thats what u do lol\n>chat \u2606paysa|great tusk can be ok\n>p1 move stealthrock\n>p2 move icebeam\n>chat \u2606paysa|treads just sucks\n>p1 switch 2\n>chat \u2606paysa|(without spin)\n>p1 move moonblast\n>p2 switch 6\n>chat \u2606chichi732|its only good as a bolt counter\n>chat \u2606chichi732|or miradon\n>chat \u2606paysa|meh, its not like this is ou \n>chat \u2606chichi732|until it hits specs overheat lol\n>p1 move hurricane\n>p2 move thunderwave\n>p1 move leechseed\n>p2 move bugbuzz\n>p1 switch 4\n>p2 switch 3\n>p1 move voltswitch\n>p2 switch 2\n>chat \u2606chichi732|oh no\n>chat \u2606chichi732|not this demon\n>chat \u2606paysa|teatime\n>p1 switch 6\n>chat \u2606paysa|this is a demon in its own right\n>p1 move shadowball\n>p2 switch 5\n>p1 switch 4\n>p2 move psychic\n>p1 switch 6\n>p1 move foulplay\n>p2 switch 3\n>p1 move thunderbolt\n>p2 move roost\n>p1 move thunderbolt\n>p2 move bugbuzz\n>chat \u2606chichi732|the perfect counter\n>chat \u2606chichi732|lol\n>chat \u2606paysa|hm\n>p1 move thunderbolt\n>p2 move roost\n>chat \u2606paysa|that was unfortunate\n>p2 switch 5\n>chat \u2606chichi732|i now have a chance to win\n>p1 move voltswitch\n>p2 move matchagotcha\n>p1 switch 4\n>p1 move agility\n>p2 switch 6\n>p1 move terablast\n>p2 move hydropump\n>p2 switch 2\n>p1 move terablast\n>p2 move steameruption\n>p1 switch 4\n>p1 move voltswitch\n>p2 move steameruption\n>chat \u2606paysa|reveal number 5\n>chat \u2606chichi732|hmmm\n>chat \u2606chichi732|heres the mon i cant win with\n>p1 switch 3\n>chat \u2606paysa|this makes me think u dont have great sinistcha answers\n>chat \u2606paysa|ah\n>chat \u2606paysa|would you like me to just get rid of it\n>chat \u2606chichi732|yes pls\n>p2 switch 3\n>p1 move bulletseed\n>p2 move psychic\n>chat \u2606paysa|gn breloom\n>chat \u2606chichi732|now its time\n>p1 switch 5\n>chat \u2606paysa|please dont do this\n>chat \u2606chichi732|my only chance\n>chat \u2606paysa|guess il have to click this\n>p1 move quiverdance\n>p2 move psychic\n>chat \u2606chichi732|this thing does a lot of damage to me\n>chat \u2606paysa|oh wait\n>chat \u2606chichi732|ouch\n>chat \u2606paysa|speed tie\n>p1 move roost\n>p2 move psychic\n>p1 move roost\n>p2 move psychic\n>chat \u2606paysa|two more turns, can i get lucky\n>p1 move roost\n>p2 move psychic\n>p1 move roost\n>p2 move psychic\n>p1 move roost\n>p2 move psychic\n>p1 move roost\n>p2 move psychic\n>p1 move revelationdance\n>p2 move psychic\n>chat \u2606chichi732|hopefully thats enough health\n>chat \u2606paysa|sorry for what im about to do\n>p2 switch 4\n>chat \u2606chichi732|oh no\n>chat \u2606paysa|goodnight :)\n>chat \u2606chichi732|hmm\n>chat \u2606paysa|tbh\n>p1 switch 3\n>p2 move knockoff\n>chat \u2606paysa|i lied\n>chat \u2606chichi732|either way if u tera dark knock i just die\n>p1 move foulplay\n>p2 switch 6\n>chat \u2606paysa|ah\n>chat \u2606paysa|i thought u feared explosion\n>chat \u2606chichi732|i did for sure\n>chat \u2606chichi732|switch played fo rboth\n>chat \u2606chichi732|now im in a pickle\n>chat \u2606chichi732|but i got a strange play\n>p1 move foulplay terastallize\n>p2 move shadowball\n>chat \u2606chichi732|35\n>chat \u2606chichi732|sinful\n>chat \u2606paysa|hm\n>chat \u2606paysa|this is kinda tough\n>chat \u2606chichi732|tera steel pls\n>chat \u2606paysa|on the volt switch? im not crazy\n>chat \u2606chichi732|hehehe\n>p1 move foulplay\n>p2 move shadowball\n>p2 switch 6\n>chat \u2606chichi732|ROLL!\n>chat \u2606paysa|i actually preferred to faint there\n>chat \u2606paysa|no\n>chat \u2606paysa|i didnt\n>chat \u2606paysa|f\n>p1 move voltswitch\n>p2 move fireblast terastallize\n>chat \u2606chichi732|its jover\n>p1 switch 3\n>chat \u2606paysa|ggwp\n>p1 switch 3\n>chat \u2606chichi732|KABOOM\n>p1 move explosion\n>p2 move fireblast", "uploadtime": 1718825084, "views": 228, "formatid": "gen9randombattle", "rating": 2328, "private": 0, "password": null}