{"id": "gen9randombattle-2259066514", "format": "[Gen 9] Random Battle", "players": ["Peruvian Bird God", "cacahue"], "log": "|badge|p2|bronze|gen9randombattle|100-3\n|uhtml|medal-msg|<div class=\"broadcast-blue\">Curious what those medals under the avatar are? PS now has Ladder Seasons! For more information, check out the <a href=\"https://www.smogon.com/forums/threads/3740067/\">thread on Smogon.</a></div>\n|j|\u2606Peruvian Bird God\n|j|\u2606cacahue\n|t:|1733666710\n|gametype|singles\n|player|p1|Peruvian Bird God|birdkeeper-gen1|2177\n|player|p2|cacahue|2|2253\n|teamsize|p1|6\n|teamsize|p2|6\n|gen|9\n|tier|[Gen 9] Random Battle\n|rated|\n|rule|Species Clause: Limit one of each Pok\u00e9mon\n|rule|HP Percentage Mod: HP is shown in percentages\n|rule|Sleep Clause Mod: Limit one foe put to sleep\n|rule|Illusion Level Mod: Illusion disguises the Pok\u00e9mon's true level\n|\n|t:|1733666710\n|start\n|switch|p1a: Scyther|Scyther, L82, M, shiny|249/249\n|switch|p2a: Dachsbun|Dachsbun, L92, M|254/254\n|turn|1\n|c|\u2606Peruvian Bird God|glhf\n|inactive|Battle timer is ON: inactive players will automatically lose when time's up. (requested by cacahue)\n|\n|t:|1733666729\n|switch|p1a: Camerupt|Camerupt, L91, M|275/275\n|move|p2a: Dachsbun|Play Rough|p1a: Camerupt\n|-resisted|p1a: Camerupt\n|-damage|p1a: Camerupt|224/275\n|\n|-heal|p1a: Camerupt|241/275|[from] item: Leftovers\n|upkeep\n|turn|2\n|\n|t:|1733666734\n|switch|p2a: Wugtrio|Wugtrio, L91, F|212/212\n|move|p1a: Camerupt|Stealth Rock|p2a: Wugtrio\n|-sidestart|p2: cacahue|move: Stealth Rock\n|\n|-heal|p1a: Camerupt|258/275|[from] item: Leftovers\n|upkeep\n|turn|3\n|\n|t:|1733666740\n|switch|p1a: Jumpluff|Jumpluff, L87, F|271/271\n|move|p2a: Wugtrio|Liquidation|p1a: Jumpluff\n|-resisted|p1a: Jumpluff\n|-damage|p1a: Jumpluff|177/271\n|\n|upkeep\n|turn|4\n|\n|t:|1733666748\n|switch|p2a: Mabosstiff|Mabosstiff, L86, F|278/278\n|-damage|p2a: Mabosstiff|244/278|[from] Stealth Rock\n|move|p1a: Jumpluff|Substitute|p1a: Jumpluff\n|-start|p1a: Jumpluff|Substitute\n|-damage|p1a: Jumpluff|110/271\n|\n|upkeep\n|turn|5\n|-message|cacahue forfeited.\n|\n|win|Peruvian Bird God\n|raw|Peruvian Bird God's rating: 2177 &rarr; <strong>2201</strong><br />(+24 for winning)\n|raw|cacahue's rating: 2253 &rarr; <strong>2229</strong><br />(-24 for losing)\n|l|\u2606cacahue\n|player|p2|\n", "inputlog": ">version adbff8b77a3cd0a853738aa9d91914e8cd5e8a69\n>start {\"formatid\":\"gen9randombattle\",\"seed\":[11069,20780,63806,36626],\"rated\":\"Rated battle\"}\n>player p1 {\"name\":\"Peruvian Bird God\",\"avatar\":\"birdkeeper-gen1\",\"rating\":2177,\"seed\":[36901,22149,15098,12856]}\n>player p2 {\"name\":\"cacahue\",\"avatar\":\"2\",\"rating\":2253,\"seed\":[59749,12915,14802,57735]}\n>chat \u2606Peruvian Bird God|glhf\n>p1 switch 3\n>p2 move playrough\n>p1 move stealthrock\n>p2 switch 6\n>p1 switch 2\n>p2 move liquidation\n>p1 move substitute\n>p2 switch 4\n>forcelose p2", "uploadtime": 1733666767, "views": 6, "formatid": "gen9randombattle", "rating": 2201, "private": 0, "password": null}