{"id": "gen9randombattle-2260796400", "format": "[Gen 9] Random Battle", "players": ["dejsejjde", "ploinu"], "log": "|j|\u2606dejsejjde\n|j|\u203dploinu\n|t:|1733893560\n|gametype|singles\n|player|p1|dejsejjde|1|1000\n|player|p2|ploinu|1|1000\n|teamsize|p1|6\n|teamsize|p2|6\n|gen|9\n|tier|[Gen 9] Random Battle\n|rated|\n|rule|Species Clause: Limit one of each Pok\u00e9mon\n|rule|HP Percentage Mod: HP is shown in percentages\n|rule|Sleep Clause Mod: Limit one foe put to sleep\n|rule|Illusion Level Mod: Illusion disguises the Pok\u00e9mon's true level\n|\n|t:|1733893560\n|start\n|switch|p1a: Quagsire|Quagsire, L84, M|297/297\n|switch|p2a: Flutter Mane|Flutter Mane, L74|203/203\n|turn|1\n|\n|t:|1733893581\n|-end|p2a: Flutter Mane|Protosynthesis|[silent]\n|switch|p2a: Ludicolo|Ludicolo, L90, F|290/290\n|switch|p1a: Glimmora|Glimmora, L75, F|248/248\n|-item|p1a: Glimmora|Air Balloon\n|\n|upkeep\n|turn|2\n|\n|t:|1733893589\n|switch|p1a: Calyrex|Calyrex, L93|337/337\n|-ability|p1a: Calyrex|Unnerve\n|move|p2a: Ludicolo|Hydro Pump|p1a: Calyrex\n|-resisted|p1a: Calyrex\n|-damage|p1a: Calyrex|237/337\n|\n|-heal|p1a: Calyrex|258/337|[from] item: Leftovers\n|upkeep\n|turn|3\n|\n|t:|1733893604\n|switch|p2a: Gengar|Gengar, L81, F|230/230\n|move|p1a: Calyrex|Psyshock|p2a: Gengar\n|-supereffective|p2a: Gengar\n|-damage|p2a: Gengar|0 fnt\n|-start|p1a: Calyrex|Disable|Psyshock|[from] ability: Cursed Body|[of] p2a: Gengar\n|faint|p2a: Gengar\n|\n|-heal|p1a: Calyrex|279/337|[from] item: Leftovers\n|upkeep\n|-message|ploinu forfeited.\n|\n|win|dejsejjde\n|raw|dejsejjde's rating: 1000 &rarr; <strong>1040</strong><br />(+40 for winning)\n|raw|ploinu's rating: 1000 &rarr; <strong>1000</strong><br />(+0 for losing)\n|l|\u203dploinu\n|player|p2|\n", "inputlog": ">version bfd83cad13791eb5a5a409923076391caf6fb4d4\n>start {\"formatid\":\"gen9randombattle\",\"seed\":[44286,14195,7082,48343],\"rated\":\"Rated battle\"}\n>player p1 {\"name\":\"dejsejjde\",\"avatar\":\"1\",\"rating\":1000,\"seed\":[57469,44869,23158,46382]}\n>player p2 {\"name\":\"ploinu\",\"avatar\":\"1\",\"rating\":1000,\"seed\":[7496,55496,34155,21110]}\n>p1 switch 2\n>p2 switch 3\n>p1 switch 5\n>p2 move hydropump\n>p1 move psyshock\n>p2 switch 5\n>forcelose p2", "uploadtime": 1733893628, "views": 1, "formatid": "gen9randombattle", "rating": 1000, "private": 0, "password": null}