{"id": "gen9randombattle-2237698897", "format": "[Gen 9] Random Battle", "players": ["Astinov", "Qiuescent"], "log": "|badge|p2|bronze|gen9randombattle|100-3\n|uhtml|medal-msg|<div class=\"broadcast-blue\">Curious what those medals under the avatar are? PS now has Ladder Seasons! For more information, check out the <a href=\"https://www.smogon.com/forums/threads/3740067/\">thread on Smogon.</a></div>\n|j|\u2606Astinov\n|j|\u203dQiuescent\n|t:|1730788408\n|gametype|singles\n|player|p1|Astinov|169|2245\n|player|p2|Qiuescent|265|2231\n|teamsize|p1|6\n|teamsize|p2|6\n|gen|9\n|tier|[Gen 9] Random Battle\n|rated|\n|rule|Species Clause: Limit one of each Pok\u00e9mon\n|rule|HP Percentage Mod: HP is shown in percentages\n|rule|Sleep Clause Mod: Limit one foe put to sleep\n|rule|Illusion Level Mod: Illusion disguises the Pok\u00e9mon's true level\n|\n|t:|1730788408\n|start\n|switch|p1a: Swanna|Swanna, L88, F|275/275\n|switch|p2a: Zapdos|Zapdos, L78|268/268\n|turn|1\n|inactive|Battle timer is ON: inactive players will automatically lose when time's up. (requested by Qiuescent)\n|\n|t:|1730788421\n|switch|p1a: Great Tusk|Great Tusk, L77|304/304\n|-enditem|p1a: Great Tusk|Booster Energy\n|-activate|p1a: Great Tusk|ability: Protosynthesis|[fromitem]\n|-start|p1a: Great Tusk|protosynthesisatk\n|move|p2a: Zapdos|Thunderbolt|p1a: Great Tusk\n|-immune|p1a: Great Tusk\n|\n|upkeep\n|turn|2\n|inactive|Astinov has 120 seconds left.\n|inactive|Astinov has 90 seconds left.\n|\n|t:|1730788482\n|-end|p1a: Great Tusk|Protosynthesis|[silent]\n|switch|p1a: Chandelure|Chandelure, L83, M|235/235\n|move|p2a: Zapdos|Hurricane|p1a: Chandelure\n|-damage|p1a: Chandelure|100/235\n|-start|p1a: Chandelure|confusion\n|\n|upkeep\n|turn|3\n|\n|t:|1730788497\n|switch|p2a: Wyrdeer|Wyrdeer, L87, M|321/321\n|-ability|p2a: Wyrdeer|Intimidate|boost\n|-unboost|p1a: Chandelure|atk|1\n|-activate|p1a: Chandelure|confusion\n|move|p1a: Chandelure|Fire Blast|p2a: Wyrdeer\n|-damage|p2a: Wyrdeer|213/321\n|-status|p2a: Wyrdeer|brn\n|\n|-damage|p2a: Wyrdeer|193/321 brn|[from] brn\n|upkeep\n|turn|4\n|inactive|Astinov has 90 seconds left.\n|\n|t:|1730788520\n|switch|p1a: Vivillon|Vivillon-Elegant, L84, F|272/272\n|move|p2a: Wyrdeer|Psychic Noise|p1a: Vivillon\n|-damage|p1a: Vivillon|139/272\n|-start|p1a: Vivillon|move: Heal Block\n|\n|-damage|p2a: Wyrdeer|173/321 brn|[from] brn\n|upkeep\n|turn|5\n|\n|t:|1730788529\n|move|p1a: Vivillon|Quiver Dance|p1a: Vivillon\n|-boost|p1a: Vivillon|spa|1\n|-boost|p1a: Vivillon|spd|1\n|-boost|p1a: Vivillon|spe|1\n|move|p2a: Wyrdeer|Thunderbolt|p1a: Vivillon\n|-supereffective|p1a: Vivillon\n|-damage|p1a: Vivillon|0 fnt\n|faint|p1a: Vivillon\n|\n|-damage|p2a: Wyrdeer|153/321 brn|[from] brn\n|upkeep\n|\n|t:|1730788533\n|switch|p1a: Golduck|Golduck, L90, F|290/290\n|-ability|p1a: Golduck|Cloud Nine\n|turn|6\n|\n|t:|1730788549\n|move|p1a: Golduck|Nasty Plot|p1a: Golduck\n|-boost|p1a: Golduck|spa|2\n|move|p2a: Wyrdeer|Thunderbolt|p1a: Golduck\n|-supereffective|p1a: Golduck\n|-damage|p1a: Golduck|138/290\n|\n|-damage|p2a: Wyrdeer|133/321 brn|[from] brn\n|upkeep\n|turn|7\n|\n|t:|1730788573\n|move|p1a: Golduck|Hydro Pump|p2a: Wyrdeer|[miss]\n|-miss|p1a: Golduck|p2a: Wyrdeer\n|move|p2a: Wyrdeer|Thunderbolt|p1a: Golduck\n|-supereffective|p1a: Golduck\n|-damage|p1a: Golduck|0 fnt\n|faint|p1a: Golduck\n|\n|-damage|p2a: Wyrdeer|113/321 brn|[from] brn\n|upkeep\n|-message|Astinov forfeited.\n|\n|win|Qiuescent\n|raw|Astinov's rating: 2245 &rarr; <strong>2224</strong><br />(-21 for losing)\n|raw|Qiuescent's rating: 2231 &rarr; <strong>2252</strong><br />(+21 for winning)\n|l|\u2606Astinov\n|player|p1|\n", "inputlog": ">version 2425f1364de080346313a8917b8af0a0670d3b0a\n>start {\"formatid\":\"gen9randombattle\",\"seed\":[18224,22441,17730,45113],\"rated\":\"Rated battle\"}\n>player p1 {\"name\":\"Astinov\",\"avatar\":\"169\",\"rating\":2245,\"seed\":[22209,36508,10495,30173]}\n>player p2 {\"name\":\"Qiuescent\",\"avatar\":\"265\",\"rating\":2231,\"seed\":[60726,4831,12578,60465]}\n>p1 switch 5\n>p2 move thunderbolt\n>p1 switch 2\n>p2 move hurricane\n>p1 move fireblast\n>p2 switch 6\n>p1 switch 3\n>p2 move psychicnoise\n>p1 move quiverdance\n>p2 move thunderbolt\n>p1 switch 4\n>p1 move nastyplot\n>p2 move thunderbolt\n>p1 move hydropump\n>p2 move thunderbolt\n>forcelose p1", "uploadtime": 1730788583, "views": 37, "formatid": "gen9randombattle", "rating": 2224, "private": 0, "password": null}