{"id": "gen9randombattle-2259816525", "format": "[Gen 9] Random Battle", "players": ["3rfqwtgqewtreg", "Violette0928"], "log": "|j|\u26063rfqwtgqewtreg\n|j|\u2606Violette0928\n|t:|1733769549\n|gametype|singles\n|player|p1|3rfqwtgqewtreg|266|1045\n|player|p2|Violette0928|170|1041\n|teamsize|p1|6\n|teamsize|p2|6\n|gen|9\n|tier|[Gen 9] Random Battle\n|rated|\n|rule|Species Clause: Limit one of each Pok\u00e9mon\n|rule|HP Percentage Mod: HP is shown in percentages\n|rule|Sleep Clause Mod: Limit one foe put to sleep\n|rule|Illusion Level Mod: Illusion disguises the Pok\u00e9mon's true level\n|\n|t:|1733769549\n|start\n|switch|p1a: Dedenne|Dedenne, L88, M|261/261\n|switch|p2a: Rotom|Rotom-Fan, L86|226/226\n|turn|1\n|inactive|Battle timer is ON: inactive players will automatically lose when time's up. (requested by 3rfqwtgqewtreg)\n|\n|t:|1733769566\n|move|p1a: Dedenne|Thunderbolt|p2a: Rotom\n|-damage|p2a: Rotom|150/226\n|move|p2a: Rotom|Air Slash|p1a: Dedenne\n|-resisted|p1a: Dedenne\n|-damage|p1a: Dedenne|213/261\n|\n|upkeep\n|turn|2\n|-message|Violette0928 forfeited.\n|\n|win|3rfqwtgqewtreg\n|raw|3rfqwtgqewtreg's rating: 1045 &rarr; <strong>1078</strong><br />(+33 for winning)\n|raw|Violette0928's rating: 1041 &rarr; <strong>1025</strong><br />(-16 for losing)\n|l|\u2606Violette0928\n|player|p2|\n", "inputlog": ">version bfd83cad13791eb5a5a409923076391caf6fb4d4\n>start {\"formatid\":\"gen9randombattle\",\"seed\":[19053,29357,36738,57466],\"rated\":\"Rated battle\"}\n>player p1 {\"name\":\"3rfqwtgqewtreg\",\"avatar\":\"266\",\"rating\":1045,\"seed\":[36820,45387,15741,41542]}\n>player p2 {\"name\":\"Violette0928\",\"avatar\":\"170\",\"rating\":1041,\"seed\":[21708,36041,35763,58636]}\n>p1 move thunderbolt\n>p2 move airslash\n>forcelose p2", "uploadtime": 1733769580, "views": 1, "formatid": "gen9randombattle", "rating": 1025, "private": 0, "password": null}