{"id": "gen9randombattle-2260781683", "format": "[Gen 9] Random Battle", "players": ["Operation21", "poop goblin 78"], "log": "|j|\u2606Operation21\n|j|\u2606poop goblin 78\n|t:|1733891156\n|gametype|singles\n|player|p1|Operation21|169|1539\n|player|p2|poop goblin 78|170|1497\n|teamsize|p1|6\n|teamsize|p2|6\n|gen|9\n|tier|[Gen 9] Random Battle\n|rated|\n|rule|Species Clause: Limit one of each Pok\u00e9mon\n|rule|HP Percentage Mod: HP is shown in percentages\n|rule|Sleep Clause Mod: Limit one foe put to sleep\n|rule|Illusion Level Mod: Illusion disguises the Pok\u00e9mon's true level\n|\n|t:|1733891156\n|start\n|switch|p1a: Cinccino|Cinccino, L83, M|260/260\n|switch|p2a: Magcargo|Magcargo, L95, F|268/268\n|turn|1\n|l|\u2606Operation21\n|player|p1|\n|j|\u2606Operation21\n|player|p1|Operation21|169|\n|\n|t:|1733891216\n|switch|p1a: Greninja|Greninja, L80, M|246/246\n|move|p2a: Magcargo|Shell Smash|p2a: Magcargo\n|-unboost|p2a: Magcargo|def|1\n|-unboost|p2a: Magcargo|spd|1\n|-boost|p2a: Magcargo|atk|2\n|-boost|p2a: Magcargo|spa|2\n|-boost|p2a: Magcargo|spe|2\n|\n|upkeep\n|turn|2\n|\n|t:|1733891233\n|-terastallize|p2a: Magcargo|Grass\n|move|p1a: Greninja|Hydro Pump|p2a: Magcargo|[miss]\n|-start|p1a: Greninja|typechange|Water|[from] ability: Protean\n|-miss|p1a: Greninja|p2a: Magcargo\n|move|p2a: Magcargo|Shell Smash|p2a: Magcargo\n|-unboost|p2a: Magcargo|def|1\n|-unboost|p2a: Magcargo|spd|1\n|-boost|p2a: Magcargo|atk|2\n|-boost|p2a: Magcargo|spa|2\n|-boost|p2a: Magcargo|spe|2\n|\n|upkeep\n|turn|3\n|\n|t:|1733891259\n|switch|p1a: Cresselia|Cresselia, L80, F|323/323\n|move|p2a: Magcargo|Power Gem|p1a: Cresselia\n|-damage|p1a: Cresselia|71/323\n|\n|-heal|p1a: Cresselia|91/323|[from] item: Leftovers\n|upkeep\n|turn|4\n|\n|t:|1733891268\n|move|p2a: Magcargo|Power Gem|p1a: Cresselia\n|-damage|p1a: Cresselia|0 fnt\n|faint|p1a: Cresselia\n|\n|upkeep\n|\n|t:|1733891275\n|switch|p1a: Oricorio|Oricorio, L84, F|263/263\n|turn|5\n|\n|t:|1733891280\n|-terastallize|p1a: Oricorio|Ground\n|move|p2a: Magcargo|Power Gem|p1a: Oricorio\n|-resisted|p1a: Oricorio\n|-damage|p1a: Oricorio|79/263\n|move|p1a: Oricorio|Revelation Dance|p2a: Magcargo\n|-resisted|p2a: Magcargo\n|-damage|p2a: Magcargo|175/268\n|\n|upkeep\n|turn|6\n|-message|Operation21 forfeited.\n|\n|win|poop goblin 78\n|raw|Operation21's rating: 1539 &rarr; <strong>1517</strong><br />(-22 for losing)\n|raw|poop goblin 78's rating: 1497 &rarr; <strong>1519</strong><br />(+22 for winning)\n|l|\u2606Operation21\n|player|p1|\n", "inputlog": ">version bfd83cad13791eb5a5a409923076391caf6fb4d4\n>start {\"formatid\":\"gen9randombattle\",\"seed\":[49024,17394,45140,56894],\"rated\":\"Rated battle\"}\n>player p1 {\"name\":\"Operation21\",\"avatar\":\"169\",\"rating\":1539,\"seed\":[21069,31656,40945,57189]}\n>player p2 {\"name\":\"poop goblin 78\",\"avatar\":\"170\",\"rating\":1497,\"seed\":[31254,25594,43385,52701]}\n>p1 switch 4\n>p2 move shellsmash\n>p1 move hydropump\n>p2 move shellsmash terastallize\n>p1 switch 2\n>p2 move powergem\n>p1 move psyshock\n>p2 move powergem\n>p1 switch 6\n>p1 move revelationdance terastallize\n>p2 move powergem\n>forcelose p1", "uploadtime": 1733891322, "views": 12, "formatid": "gen9randombattle", "rating": 1517, "private": 0, "password": null}