{"id": "gen9randombattle-2119905168", "format": "[Gen 9] Random Battle", "players": ["Delta 2777", "MichaelderBeste2"], "log": "|badge|p1|gold|gen9randombattle|3-1\n|uhtml|medal-msg|<div class=\"broadcast-blue\">Curious what those medals under the avatar are? PS now has Ladder Seasons! For more information, check out the <a href=\"https://www.smogon.com/forums/threads/3740067/\">thread on Smogon.</a></div>\n|badge|p2|silver|gen9randombattle|30-1\n|uhtml|medal-msg|<div class=\"broadcast-blue\">Curious what those medals under the avatar are? PS now has Ladder Seasons! For more information, check out the <a href=\"https://www.smogon.com/forums/threads/3740067/\">thread on Smogon.</a></div>\n|j|\u2606Delta 2777\n|j|\u2606MichaelderBeste2\n|t:|1715107615\n|gametype|singles\n|player|p1|Delta 2777|265|2527\n|player|p2|MichaelderBeste2|#rbtt7teamdarkrai|2514\n|teamsize|p1|6\n|teamsize|p2|6\n|gen|9\n|tier|[Gen 9] Random Battle\n|rated|\n|rule|Species Clause: Limit one of each Pok\u00e9mon\n|rule|HP Percentage Mod: HP is shown in percentages\n|rule|Sleep Clause Mod: Limit one foe put to sleep\n|rule|Illusion Level Mod: Illusion disguises the Pok\u00e9mon's true level\n|\n|t:|1715107615\n|start\n|switch|p1a: Copperajah|Copperajah, L86, M|350/350\n|switch|p2a: Breloom|Breloom, L82, F|233/233\n|turn|1\n|inactive|Battle timer is ON: inactive players will automatically lose when time's up. (requested by Delta 2777)\n|j| fdbdfbd\n|\n|t:|1715107640\n|move|p2a: Breloom|Spore|p1a: Copperajah\n|-status|p1a: Copperajah|slp|[from] move: Spore\n|cant|p1a: Copperajah|slp\n|\n|upkeep\n|turn|2\n|\n|t:|1715107645\n|switch|p1a: Fezandipiti|Fezandipiti, L82, M|278/278\n|move|p2a: Breloom|Bullet Seed|p1a: Fezandipiti\n|-resisted|p1a: Fezandipiti\n|-damage|p1a: Fezandipiti|248/278\n|-resisted|p1a: Fezandipiti\n|-damage|p1a: Fezandipiti|218/278\n|-hitcount|p1a: Fezandipiti|2\n|-damage|p2a: Breloom|210/233|[from] item: Life Orb\n|\n|upkeep\n|turn|3\n|j|+Aqua\n|\n|t:|1715107658\n|switch|p2a: Stonjourner|Stonjourner, L91, M|330/330\n|move|p1a: Fezandipiti|U-turn|p2a: Stonjourner\n|-damage|p2a: Stonjourner|302/330\n|-status|p2a: Stonjourner|tox|[from] ability: Toxic Chain|[of] p1a: Fezandipiti\n|inactive|Delta 2777 has 120 seconds left.\n|\n|t:|1715107709\n|switch|p1a: Palossand|Palossand, L89, M|296/296|[from] U-turn\n|\n|-damage|p2a: Stonjourner|282/330 tox|[from] psn\n|upkeep\n|turn|4\n|\n|t:|1715107714\n|switch|p2a: Milotic|Milotic, L83, M|293/293\n|move|p1a: Palossand|Stealth Rock|p2a: Milotic\n|-sidestart|p2: MichaelderBeste2|move: Stealth Rock\n|\n|upkeep\n|turn|5\n|\n|t:|1715107729\n|switch|p1a: Floatzel|Floatzel, L85, M|283/283\n|move|p2a: Milotic|Scald|p1a: Floatzel\n|-resisted|p1a: Floatzel\n|-damage|p1a: Floatzel|220/283\n|\n|-heal|p1a: Floatzel|237/283|[from] item: Leftovers\n|upkeep\n|turn|6\n|\n|t:|1715107735\n|move|p1a: Floatzel|Bulk Up|p1a: Floatzel\n|-boost|p1a: Floatzel|atk|1\n|-boost|p1a: Floatzel|def|1\n|move|p2a: Milotic|Scald|p1a: Floatzel\n|-resisted|p1a: Floatzel\n|-damage|p1a: Floatzel|177/283\n|\n|-heal|p1a: Floatzel|194/283|[from] item: Leftovers\n|upkeep\n|turn|7\n|inactive|Delta 2777 has 120 seconds left.\n|\n|t:|1715107744\n|move|p1a: Floatzel|Crunch|p2a: Milotic\n|-damage|p2a: Milotic|197/293\n|move|p2a: Milotic|Dragon Tail|p1a: Floatzel\n|-damage|p1a: Floatzel|167/283\n|drag|p1a: Rampardos|Rampardos, L90, M|321/321\n|\n|-heal|p2a: Milotic|215/293|[from] item: Leftovers\n|upkeep\n|turn|8\n|l|\u2606Delta 2777\n|inactive|Delta 2777 disconnected and has a minute to reconnect!\n|player|p1|\n|j| PokeChess\n|j|\u2606Delta 2777\n|inactive|Delta 2777 reconnected and has 115 seconds left.\n|player|p1|Delta 2777|265|\n|j| Brandie\n|inactive|Delta 2777 has 90 seconds left.\n|j|+pokeblade\u2606101\n|c|+pokeblade\u2606101|lmaooo\n|c|+pokeblade\u2606101|this is funny\n|inactive|Delta 2777 has 60 seconds left.\n|c| PokeChess|what blade\n|\n|t:|1715107828\n|move|p1a: Rampardos|Head Smash|p2a: Milotic\n|-damage|p2a: Milotic|0 fnt\n|faint|p2a: Milotic\n|-damage|p1a: Rampardos|213/321|[from] Recoil\n|\n|upkeep\n|c|+pokeblade\u2606101|delta vs michael and aqua together\n|\n|t:|1715107838\n|switch|p2a: Breloom|Breloom, L82, F|210/233\n|-damage|p2a: Breloom|196/233|[from] Stealth Rock\n|turn|9\n|inactive|Delta 2777 has 60 seconds left.\n|c| PokeChess|lol\n|c|\u2606Delta 2777|I only clicked find battle once :/\n|\n|t:|1715107864\n|switch|p1a: Fezandipiti|Fezandipiti, L82, M|218/278\n|move|p2a: Breloom|Rock Tomb|p1a: Fezandipiti\n|-damage|p1a: Fezandipiti|114/278\n|-unboost|p1a: Fezandipiti|spe|1\n|-damage|p2a: Breloom|173/233|[from] item: Life Orb\n|\n|upkeep\n|turn|10\n|\n|t:|1715107875\n|move|p2a: Breloom|Rock Tomb|p1a: Fezandipiti\n|-damage|p1a: Fezandipiti|6/278\n|-unboost|p1a: Fezandipiti|spe|1\n|-damage|p2a: Breloom|150/233|[from] item: Life Orb\n|move|p1a: Fezandipiti|U-turn|p2a: Breloom\n|-damage|p2a: Breloom|104/233\n|\n|t:|1715107887\n|switch|p1a: Floatzel|Floatzel, L85, M|167/283|[from] U-turn\n|\n|-heal|p1a: Floatzel|184/283|[from] item: Leftovers\n|upkeep\n|turn|11\n|\n|t:|1715107891\n|move|p2a: Breloom|Mach Punch|p1a: Floatzel\n|-damage|p1a: Floatzel|51/283\n|-damage|p2a: Breloom|81/233|[from] item: Life Orb\n|move|p1a: Floatzel|Ice Spinner|p2a: Breloom\n|-supereffective|p2a: Breloom\n|-damage|p2a: Breloom|0 fnt\n|faint|p2a: Breloom\n|\n|-heal|p1a: Floatzel|68/283|[from] item: Leftovers\n|upkeep\n|\n|t:|1715107895\n|switch|p2a: Gurdurr|Gurdurr, L85, M|283/283\n|-damage|p2a: Gurdurr|266/283|[from] Stealth Rock\n|turn|12\n|\n|t:|1715107902\n|move|p1a: Floatzel|Wave Crash|p2a: Gurdurr\n|-damage|p2a: Gurdurr|175/283\n|-damage|p1a: Floatzel|38/283|[from] Recoil\n|move|p2a: Gurdurr|Bulk Up|p2a: Gurdurr\n|-boost|p2a: Gurdurr|atk|1\n|-boost|p2a: Gurdurr|def|1\n|\n|-heal|p1a: Floatzel|55/283|[from] item: Leftovers\n|upkeep\n|turn|13\n|inactive|Delta 2777 has 60 seconds left.\n|\n|t:|1715107917\n|switch|p1a: Palossand|Palossand, L89, M|296/296\n|move|p2a: Gurdurr|Mach Punch|p1a: Palossand\n|-immune|p1a: Palossand\n|\n|upkeep\n|turn|14\n|inactive|Delta 2777 has 60 seconds left.\n|\n|t:|1715107929\n|move|p2a: Gurdurr|Knock Off|p1a: Palossand\n|-supereffective|p1a: Palossand\n|-damage|p1a: Palossand|102/296\n|-enditem|p1a: Palossand|Leftovers|[from] move: Knock Off|[of] p2a: Gurdurr\n|move|p1a: Palossand|Earth Power|p2a: Gurdurr\n|-damage|p2a: Gurdurr|67/283\n|\n|upkeep\n|turn|15\n|inactive|Delta 2777 has 60 seconds left.\n|\n|t:|1715107936\n|move|p2a: Gurdurr|Knock Off|p1a: Palossand\n|-supereffective|p1a: Palossand\n|-damage|p1a: Palossand|0 fnt\n|faint|p1a: Palossand\n|\n|upkeep\n|inactive|Delta 2777 has 60 seconds left.\n|inactive|Delta 2777 has 30 seconds left.\n|inactive|Delta 2777 has 20 seconds left.\n|inactive|Delta 2777 has 15 seconds left.\n|inactive|Delta 2777 has 10 seconds left.\n|\n|t:|1715107993\n|switch|p1a: Avalugg|Avalugg, L87, F|307/307\n|turn|16\n|inactive|Delta 2777 has 20 seconds left this turn.\n|\n|t:|1715108001\n|-terastallize|p1a: Avalugg|Fighting\n|move|p2a: Gurdurr|Drain Punch|p1a: Avalugg\n|-damage|p1a: Avalugg|241/307\n|-heal|p2a: Gurdurr|100/283|[from] drain|[of] p1a: Avalugg\n|move|p1a: Avalugg|Avalanche|p2a: Gurdurr\n|-crit|p2a: Gurdurr\n|-damage|p2a: Gurdurr|0 fnt\n|faint|p2a: Gurdurr\n|\n|upkeep\n|inactive|Delta 2777 has 25 seconds left this turn.\n|\n|t:|1715108010\n|switch|p2a: Fezandipiti|Fezandipiti, L82, M|278/278\n|-damage|p2a: Fezandipiti|244/278|[from] Stealth Rock\n|turn|17\n|inactive|Delta 2777 has 30 seconds left.\n|\n|t:|1715108020\n|switch|p1a: Fezandipiti|Fezandipiti, L82, M|6/278\n|move|p2a: Fezandipiti|Heat Wave|p1a: Fezandipiti\n|-damage|p1a: Fezandipiti|0 fnt\n|faint|p1a: Fezandipiti\n|\n|upkeep\n|inactive|Delta 2777 has 30 seconds left.\n|\n|t:|1715108031\n|switch|p1a: Rampardos|Rampardos, L90, M|213/321\n|turn|18\n|\n|t:|1715108052\n|move|p1a: Rampardos|Earthquake|p2a: Fezandipiti\n|-supereffective|p2a: Fezandipiti\n|-damage|p2a: Fezandipiti|0 fnt\n|faint|p2a: Fezandipiti\n|\n|upkeep\n|\n|t:|1715108055\n|switch|p2a: Ogerpon|Ogerpon-Hearthflame, L74, F|239/239\n|-damage|p2a: Ogerpon|180/239|[from] Stealth Rock\n|-ability|p2a: Ogerpon|Mold Breaker\n|turn|19\n|\n|t:|1715108065\n|switch|p1a: Avalugg|Avalugg, L87, F, tera:Fighting|241/307\n|move|p2a: Ogerpon|Swords Dance|p2a: Ogerpon\n|-boost|p2a: Ogerpon|atk|2\n|\n|upkeep\n|turn|20\n|\n|t:|1715108077\n|move|p2a: Ogerpon|Ivy Cudgel|p1a: Avalugg|[anim] Ivy Cudgel Fire\n|-crit|p1a: Avalugg\n|-damage|p1a: Avalugg|42/307\n|move|p1a: Avalugg|Recover|p1a: Avalugg\n|-heal|p1a: Avalugg|196/307\n|\n|upkeep\n|turn|21\n|\n|t:|1715108095\n|move|p2a: Ogerpon|Ivy Cudgel|p1a: Avalugg|[anim] Ivy Cudgel Fire\n|-damage|p1a: Avalugg|75/307\n|move|p1a: Avalugg|Body Press|p2a: Ogerpon\n|-damage|p2a: Ogerpon|0 fnt\n|faint|p2a: Ogerpon\n|\n|upkeep\n|inactive|MichaelderBeste2 has 120 seconds left.\n|l| Brandie\n|\n|t:|1715108122\n|switch|p2a: Stonjourner|Stonjourner, L91, M|282/330 tox\n|-damage|p2a: Stonjourner|241/330 tox|[from] Stealth Rock\n|turn|22\n|c| PokeChess|ngl rampardos is just stupid \"sometimes\" ~~often~~\n|inactive|MichaelderBeste2 has 120 seconds left.\n|\n|t:|1715108133\n|-terastallize|p2a: Stonjourner|Fire\n|move|p2a: Stonjourner|Rock Polish|p2a: Stonjourner\n|-boost|p2a: Stonjourner|spe|2\n|move|p1a: Avalugg|Body Press|p2a: Stonjourner\n|-damage|p2a: Stonjourner|147/330 tox\n|\n|-damage|p2a: Stonjourner|127/330 tox|[from] psn\n|upkeep\n|turn|23\n|inactive|Delta 2777 has 60 seconds left.\n|\n|t:|1715108150\n|switch|p1a: Floatzel|Floatzel, L85, M|55/283\n|move|p2a: Stonjourner|Earthquake|p1a: Floatzel\n|-damage|p1a: Floatzel|0 fnt\n|faint|p1a: Floatzel\n|-damage|p2a: Stonjourner|94/330 tox|[from] item: Life Orb\n|\n|-damage|p2a: Stonjourner|54/330 tox|[from] psn\n|upkeep\n|\n|t:|1715108159\n|switch|p1a: Avalugg|Avalugg, L87, F, tera:Fighting|75/307\n|turn|24\n|\n|t:|1715108161\n|move|p2a: Stonjourner|Earthquake|p1a: Avalugg\n|-damage|p1a: Avalugg|1/307\n|-damage|p2a: Stonjourner|21/330 tox|[from] item: Life Orb\n|move|p1a: Avalugg|Body Press|p2a: Stonjourner\n|-damage|p2a: Stonjourner|0 fnt\n|faint|p2a: Stonjourner\n|\n|win|Delta 2777\n|raw|Delta 2777's rating: 2527 &rarr; <strong>2547</strong><br />(+20 for winning)\n|raw|MichaelderBeste2's rating: 2522 &rarr; <strong>2502</strong><br />(-20 for losing)\n|l|\u2606MichaelderBeste2\n|player|p2|\n|l|\u2606Delta 2777\n|player|p1|\n|l| fdbdfbd\n|l| PokeChess\n|j|\u2606Delta 2777\n|player|p1|Delta 2777|265|\n|l|\u2606Delta 2777\n|player|p1|\n", "inputlog": ">version 2cc90ceb603322b9c7a55380fd27efd5fc357af5\n>start {\"formatid\":\"gen9randombattle\",\"seed\":[6574,21856,8866,56729],\"rated\":\"Rated battle\"}\n>player p1 {\"name\":\"Delta 2777\",\"avatar\":\"265\",\"rating\":2527,\"seed\":[21620,15213,32349,56784]}\n>player p2 {\"name\":\"MichaelderBeste2\",\"avatar\":\"#rbtt7teamdarkrai\",\"rating\":2514,\"seed\":[50986,63584,36321,37116]}\n>p1 move heavyslam\n>p2 move spore\n>p1 switch 4\n>p2 move bulletseed\n>p1 move uturn\n>p2 switch 2\n>p1 switch 5\n>p1 move stealthrock\n>p2 switch 6\n>p1 switch 6\n>p2 move scald\n>p1 move bulkup\n>p2 move scald\n>p1 move crunch\n>p2 move dragontail\n>chat +pokeblade\u2606101|lmaooo\n>chat +pokeblade\u2606101|this is funny\n>chat  PokeChess|what blade\n>p1 move headsmash\n>p2 move scald\n>chat +pokeblade\u2606101|delta vs michael and aqua together\n>p2 switch 2\n>chat  PokeChess|lol\n>chat \u2606Delta 2777|I only clicked find battle once :/\n>p1 switch 5\n>p2 move rocktomb\n>p1 move uturn\n>p2 move rocktomb\n>p1 switch 2\n>p1 move icespinner\n>p2 move machpunch\n>p2 switch 3\n>p1 move wavecrash\n>p2 move bulkup\n>p1 switch 6\n>p2 move machpunch\n>p1 move earthpower\n>p2 move knockoff\n>p1 move earthpower\n>p2 move knockoff\n>p1 switch 3\n>p1 move avalanche terastallize\n>p2 move drainpunch\n>p2 switch 4\n>p1 switch 2\n>p2 move heatwave\n>p1 switch 5\n>p1 move earthquake\n>p2 move beatup\n>p2 switch 5\n>p1 switch 2\n>p2 move swordsdance\n>p1 move recover\n>p2 move ivycudgel\n>p1 move bodypress\n>p2 move ivycudgel\n>p2 switch 6\n>chat  PokeChess|ngl rampardos is just stupid \"sometimes\" ~~often~~\n>p1 move bodypress\n>p2 move rockpolish terastallize\n>p1 switch 6\n>p2 move earthquake\n>p1 switch 6\n>p1 move bodypress\n>p2 move earthquake", "uploadtime": 1715108941, "views": 255, "formatid": "gen9randombattle", "rating": 2502, "private": 0, "password": null}