{"id": "gen9randombattle-2260620851", "format": "[Gen 9] Random Battle", "players": ["patata1423", "AshQuimby"], "log": "|j|\u2606patata1423\n|j|\u2606AshQuimby\n|t:|1733870231\n|gametype|singles\n|player|p1|patata1423|1|1104\n|player|p2|AshQuimby|roxie|1103\n|teamsize|p1|6\n|teamsize|p2|6\n|gen|9\n|tier|[Gen 9] Random Battle\n|rated|\n|rule|Species Clause: Limit one of each Pok\u00e9mon\n|rule|HP Percentage Mod: HP is shown in percentages\n|rule|Sleep Clause Mod: Limit one foe put to sleep\n|rule|Illusion Level Mod: Illusion disguises the Pok\u00e9mon's true level\n|\n|t:|1733870231\n|start\n|switch|p1a: Virizion|Virizion, L82|283/283\n|switch|p2a: Arceus|Arceus, L68|276/276\n|turn|1\n|\n|t:|1733870248\n|-terastallize|p2a: Arceus|Ghost\n|move|p1a: Virizion|Swords Dance|p1a: Virizion\n|-boost|p1a: Virizion|atk|2\n|move|p2a: Arceus|Swords Dance|p2a: Arceus\n|-boost|p2a: Arceus|atk|2\n|\n|upkeep\n|turn|2\n|\n|t:|1733870264\n|move|p2a: Arceus|Extreme Speed|p1a: Virizion\n|-damage|p1a: Virizion|130/283\n|move|p1a: Virizion|Close Combat|p2a: Arceus\n|-immune|p2a: Arceus\n|\n|upkeep\n|turn|3\n|\n|t:|1733870282\n|switch|p1a: Delphox|Delphox, L84, F|263/263\n|move|p2a: Arceus|Extreme Speed|p1a: Delphox\n|-damage|p1a: Delphox|115/263\n|\n|upkeep\n|turn|4\n|\n|t:|1733870294\n|move|p2a: Arceus|Extreme Speed|p1a: Delphox\n|-damage|p1a: Delphox|0 fnt\n|faint|p1a: Delphox\n|\n|upkeep\n|\n|t:|1733870300\n|switch|p1a: Zapdos|Zapdos, L78|268/268\n|turn|5\n|\n|t:|1733870307\n|move|p2a: Arceus|Extreme Speed|p1a: Zapdos\n|-damage|p1a: Zapdos|115/268\n|move|p1a: Zapdos|Hurricane|p2a: Arceus\n|-damage|p2a: Arceus|146/276\n|-start|p2a: Arceus|confusion\n|\n|-heal|p2a: Arceus|163/276|[from] item: Leftovers\n|upkeep\n|turn|6\n|\n|t:|1733870319\n|-activate|p2a: Arceus|confusion\n|move|p2a: Arceus|Extreme Speed|p1a: Zapdos\n|-damage|p1a: Zapdos|0 fnt\n|faint|p1a: Zapdos\n|\n|-heal|p2a: Arceus|180/276|[from] item: Leftovers\n|upkeep\n|\n|t:|1733870326\n|switch|p1a: Toxtricity|Toxtricity, L82, F|257/257\n|turn|7\n|\n|t:|1733870341\n|-activate|p2a: Arceus|confusion\n|move|p2a: Arceus|Shadow Claw|p1a: Toxtricity\n|-damage|p1a: Toxtricity|110/257\n|move|p1a: Toxtricity|Boomburst|p2a: Arceus\n|-immune|p2a: Arceus\n|\n|-heal|p2a: Arceus|197/276|[from] item: Leftovers\n|upkeep\n|turn|8\n|-message|patata1423 forfeited.\n|\n|win|AshQuimby\n|raw|patata1423's rating: 1104 &rarr; <strong>1079</strong><br />(-25 for losing)\n|raw|AshQuimby's rating: 1103 &rarr; <strong>1128</strong><br />(+25 for winning)\n|l|\u2606patata1423\n|player|p1|\n|c|\u2606AshQuimby|im so sorry\n|c|\u2606AshQuimby|genuinely\n", "inputlog": ">version bfd83cad13791eb5a5a409923076391caf6fb4d4\n>start {\"formatid\":\"gen9randombattle\",\"seed\":[458,63066,12136,54802],\"rated\":\"Rated battle\"}\n>player p1 {\"name\":\"patata1423\",\"avatar\":\"1\",\"rating\":1104,\"seed\":[57727,47145,23447,40661]}\n>player p2 {\"name\":\"AshQuimby\",\"avatar\":\"roxie\",\"rating\":1103,\"seed\":[44663,14259,25272,27276]}\n>p1 move swordsdance\n>p2 move swordsdance terastallize\n>p1 move closecombat\n>p2 move extremespeed\n>p1 switch 5\n>p2 move extremespeed\n>p1 move fireblast\n>p2 move extremespeed\n>p1 switch 4\n>p1 move hurricane\n>p2 move extremespeed\n>p1 move roost\n>p2 move extremespeed\n>p1 switch 3\n>p1 move boomburst\n>p2 move shadowclaw\n>forcelose p1", "uploadtime": 1733870372, "views": 1, "formatid": "gen9randombattle", "rating": 1079, "private": 0, "password": null}