{"id": "gen9randombattle-2260709387", "format": "[Gen 9] Random Battle", "players": ["Arms & Armor", "FantasyWind"], "log": "|j|\u2606Arms & Armor\n|j|\u203dFantasyWind\n|t:|1733881302\n|gametype|singles\n|player|p1|Arms & Armor|acetrainerf-gen4dp|1410\n|player|p2|FantasyWind|hilda|1401\n|teamsize|p1|6\n|teamsize|p2|6\n|gen|9\n|tier|[Gen 9] Random Battle\n|rated|\n|rule|Species Clause: Limit one of each Pok\u00e9mon\n|rule|HP Percentage Mod: HP is shown in percentages\n|rule|Sleep Clause Mod: Limit one foe put to sleep\n|rule|Illusion Level Mod: Illusion disguises the Pok\u00e9mon's true level\n|\n|t:|1733881302\n|start\n|switch|p1a: Delibird|Delibird, F|252/252\n|switch|p2a: Mew|Mew, L82|298/298\n|turn|1\n|inactive|Battle timer is ON: inactive players will automatically lose when time's up. (requested by Arms & Armor)\n|\n|t:|1733881313\n|switch|p1a: Spectrier|Spectrier, L75|274/274\n|move|p2a: Mew|Swords Dance|p2a: Mew\n|-boost|p2a: Mew|atk|2\n|\n|upkeep\n|turn|2\n|\n|t:|1733881320\n|-terastallize|p2a: Mew|Fighting\n|move|p1a: Spectrier|Shadow Ball|p2a: Mew\n|-damage|p2a: Mew|210/298\n|move|p2a: Mew|Knock Off|p1a: Spectrier\n|-supereffective|p1a: Spectrier\n|-damage|p1a: Spectrier|0 fnt\n|-enditem|p1a: Spectrier|Leftovers|[from] move: Knock Off|[of] p2a: Mew\n|faint|p1a: Spectrier\n|-damage|p2a: Mew|181/298|[from] item: Life Orb\n|\n|upkeep\n|\n|t:|1733881325\n|switch|p1a: Armarouge|Armarouge, L80, M|267/267\n|turn|3\n|\n|t:|1733881327\n|move|p2a: Mew|Knock Off|p1a: Armarouge\n|-supereffective|p1a: Armarouge\n|-damage|p1a: Armarouge|0 fnt\n|-enditem|p1a: Armarouge|Power Herb|[from] move: Knock Off|[of] p2a: Mew\n|faint|p1a: Armarouge\n|-damage|p2a: Mew|152/298|[from] item: Life Orb\n|\n|upkeep\n|\n|t:|1733881338\n|switch|p1a: Delibird|Delibird, F|252/252\n|turn|4\n|\n|t:|1733881344\n|move|p2a: Mew|Psychic Fangs|p1a: Delibird\n|-damage|p1a: Delibird|0 fnt\n|faint|p1a: Delibird\n|-damage|p2a: Mew|123/298|[from] item: Life Orb\n|\n|upkeep\n|-message|Arms & Armor forfeited.\n|\n|win|FantasyWind\n|raw|Arms &amp; Armor's rating: 1410 &rarr; <strong>1389</strong><br />(-21 for losing)\n|raw|FantasyWind's rating: 1401 &rarr; <strong>1422</strong><br />(+21 for winning)\n|l|\u2606Arms & Armor\n|player|p1|\n", "inputlog": ">version bfd83cad13791eb5a5a409923076391caf6fb4d4\n>start {\"formatid\":\"gen9randombattle\",\"seed\":[41876,24070,27898,18317],\"rated\":\"Rated battle\"}\n>player p1 {\"name\":\"Arms & Armor\",\"avatar\":\"acetrainerf-gen4dp\",\"rating\":1410,\"seed\":[36303,15028,64164,25859]}\n>player p2 {\"name\":\"FantasyWind\",\"avatar\":\"hilda\",\"rating\":1401,\"seed\":[2405,36166,19922,12015]}\n>p1 switch 4\n>p2 move swordsdance\n>p1 move shadowball\n>p2 move knockoff terastallize\n>p1 switch 3\n>p1 move psyshock\n>p2 move knockoff\n>p1 switch 4\n>p1 move bravebird\n>p2 move psychicfangs\n>forcelose p1", "uploadtime": 1733881364, "views": 1, "formatid": "gen9randombattle", "rating": 1389, "private": 0, "password": null}