{"id": "gen9randombattle-2260665301", "format": "[Gen 9] Random Battle", "players": ["jjsj2004", "hdjdjdndjd"], "log": "|j|\u2606jjsj2004\n|j|\u2606hdjdjdndjd\n|t:|1733875704\n|gametype|singles\n|player|p1|jjsj2004|170|1021\n|player|p2|hdjdjdndjd|steven|1031\n|teamsize|p1|6\n|teamsize|p2|6\n|gen|9\n|tier|[Gen 9] Random Battle\n|rated|\n|rule|Species Clause: Limit one of each Pok\u00e9mon\n|rule|HP Percentage Mod: HP is shown in percentages\n|rule|Sleep Clause Mod: Limit one foe put to sleep\n|rule|Illusion Level Mod: Illusion disguises the Pok\u00e9mon's true level\n|\n|t:|1733875704\n|start\n|switch|p1a: Ambipom|Ambipom, L84, M|263/263\n|switch|p2a: Rhyperior|Rhyperior, L82, M|323/323\n|turn|1\n|\n|t:|1733875721\n|move|p1a: Ambipom|Fake Out|p2a: Rhyperior\n|-resisted|p2a: Rhyperior\n|-crit|p2a: Rhyperior\n|-damage|p2a: Rhyperior|276/323\n|cant|p2a: Rhyperior|flinch\n|\n|upkeep\n|turn|2\n|\n|t:|1733875730\n|move|p1a: Ambipom|Low Kick|p2a: Rhyperior\n|-supereffective|p2a: Rhyperior\n|-damage|p2a: Rhyperior|176/323\n|move|p2a: Rhyperior|Dragon Tail|p1a: Ambipom\n|-damage|p1a: Ambipom|196/263\n|drag|p1a: Kricketune|Kricketune, L99, F|312/312\n|\n|upkeep\n|turn|3\n|-message|hdjdjdndjd forfeited.\n|\n|win|jjsj2004\n|raw|jjsj2004's rating: 1021 &rarr; <strong>1059</strong><br />(+38 for winning)\n|raw|hdjdjdndjd's rating: 1031 &rarr; <strong>1016</strong><br />(-15 for losing)\n", "inputlog": ">version bfd83cad13791eb5a5a409923076391caf6fb4d4\n>start {\"formatid\":\"gen9randombattle\",\"seed\":[18550,44021,30018,21259],\"rated\":\"Rated battle\"}\n>player p1 {\"name\":\"jjsj2004\",\"avatar\":\"170\",\"rating\":1021,\"seed\":[7543,19051,58411,35008]}\n>player p2 {\"name\":\"hdjdjdndjd\",\"avatar\":\"steven\",\"rating\":1031,\"seed\":[62971,49636,43646,3363]}\n>p1 move fakeout\n>p2 move icepunch\n>p1 move lowkick\n>p2 move dragontail\n>forcelose p2", "uploadtime": 1733875749, "views": 1, "formatid": "gen9randombattle", "rating": 1016, "private": 0, "password": null}