{"id": "gen9randombattle-2260358839", "format": "[Gen 9] Random Battle", "players": ["jjp63", "Beanatron"], "log": "|j|\u2606jjp63\n|j|\u2606Beanatron\n|t:|1733843727\n|gametype|singles\n|player|p1|jjp63|shadowtriad|1233\n|player|p2|Beanatron|169|1252\n|teamsize|p1|6\n|teamsize|p2|6\n|gen|9\n|tier|[Gen 9] Random Battle\n|rated|\n|rule|Species Clause: Limit one of each Pok\u00e9mon\n|rule|HP Percentage Mod: HP is shown in percentages\n|rule|Sleep Clause Mod: Limit one foe put to sleep\n|rule|Illusion Level Mod: Illusion disguises the Pok\u00e9mon's true level\n|\n|t:|1733843727\n|start\n|switch|p1a: Umbreon|Umbreon, L84, F|297/297\n|switch|p2a: Chimecho|Chimecho, L93, F|290/290\n|turn|1\n|inactive|Battle timer is ON: inactive players will automatically lose when time's up. (requested by jjp63)\n|c|\u2606jjp63|glhf\n|inactive|Beanatron has 120 seconds left.\n|\n|t:|1733843765\n|switch|p2a: Probopass|Probopass, L92, M|260/260\n|move|p1a: Umbreon|Toxic|p2a: Probopass\n|-immune|p2a: Probopass\n|\n|upkeep\n|turn|2\n|\n|t:|1733843777\n|switch|p1a: Alomomola|Alomomola, L87, F|429/429\n|move|p2a: Probopass|Iron Defense|p2a: Probopass\n|-boost|p2a: Probopass|def|2\n|\n|upkeep\n|turn|3\n|\n|t:|1733843786\n|move|p1a: Alomomola|Scald|p2a: Probopass\n|-supereffective|p2a: Probopass\n|-damage|p2a: Probopass|204/260\n|move|p2a: Probopass|Iron Defense|p2a: Probopass\n|-boost|p2a: Probopass|def|2\n|\n|upkeep\n|turn|4\n|\n|t:|1733843796\n|move|p1a: Alomomola|Scald|p2a: Probopass\n|-supereffective|p2a: Probopass\n|-damage|p2a: Probopass|150/260\n|move|p2a: Probopass|Body Press|p1a: Alomomola\n|-damage|p1a: Alomomola|139/429\n|-damage|p2a: Probopass|107/260|[from] item: Rocky Helmet|[of] p1a: Alomomola\n|\n|upkeep\n|turn|5\n|\n|t:|1733843818\n|move|p1a: Alomomola|Protect|p1a: Alomomola\n|-singleturn|p1a: Alomomola|Protect\n|move|p2a: Probopass|Rest|p2a: Probopass\n|-status|p2a: Probopass|slp|[from] move: Rest\n|-heal|p2a: Probopass|260/260 slp|[silent]\n|-enditem|p2a: Probopass|Chesto Berry|[eat]\n|-curestatus|p2a: Probopass|slp|[msg]\n|\n|upkeep\n|turn|6\n|\n|t:|1733843832\n|move|p1a: Alomomola|Wish|p1a: Alomomola\n|move|p2a: Probopass|Body Press|p1a: Alomomola\n|-damage|p1a: Alomomola|0 fnt\n|-damage|p2a: Probopass|217/260|[from] item: Rocky Helmet|[of] p1a: Alomomola\n|faint|p1a: Alomomola\n|\n|upkeep\n|\n|t:|1733843844\n|switch|p1a: Roaring Moon|Roaring Moon, L72|270/270\n|turn|7\n|inactive|jjp63 has 120 seconds left.\n|\n|t:|1733843864\n|-terastallize|p1a: Roaring Moon|Dragon\n|move|p1a: Roaring Moon|Dragon Dance|p1a: Roaring Moon\n|-boost|p1a: Roaring Moon|atk|1\n|-boost|p1a: Roaring Moon|spe|1\n|move|p2a: Probopass|Body Press|p1a: Roaring Moon\n|-damage|p1a: Roaring Moon|0 fnt\n|faint|p1a: Roaring Moon\n|-end|p1a: Roaring Moon|Protosynthesis|[silent]\n|\n|upkeep\n|-message|jjp63 forfeited.\n|\n|win|Beanatron\n|raw|jjp63's rating: 1233 &rarr; <strong>1209</strong><br />(-24 for losing)\n|raw|Beanatron's rating: 1252 &rarr; <strong>1276</strong><br />(+24 for winning)\n|l|\u2606jjp63\n|player|p1|\n", "inputlog": ">version bfd83cad13791eb5a5a409923076391caf6fb4d4\n>start {\"formatid\":\"gen9randombattle\",\"seed\":[58817,15119,15346,15853],\"rated\":\"Rated battle\"}\n>player p1 {\"name\":\"jjp63\",\"avatar\":\"shadowtriad\",\"rating\":1233,\"seed\":[14737,2840,59848,30928]}\n>player p2 {\"name\":\"Beanatron\",\"avatar\":\"169\",\"rating\":1252,\"seed\":[22083,14579,46679,40288]}\n>chat \u2606jjp63|glhf\n>p1 move toxic\n>p2 switch 5\n>p1 switch 2\n>p2 move irondefense\n>p1 move scald\n>p2 move irondefense\n>p1 move scald\n>p2 move bodypress\n>p1 move protect\n>p2 move rest\n>p1 move wish\n>p2 move bodypress\n>p1 switch 3\n>p1 move dragondance terastallize\n>p2 move bodypress\n>forcelose p1", "uploadtime": 1733843876, "views": 11, "formatid": "gen9randombattle", "rating": 1209, "private": 0, "password": null}