{"id": "gen9randombattle-2260851040", "format": "[Gen 9] Random Battle", "players": ["Bill Zebub", "Mumet"], "log": "|j|\u2606Bill Zebub\n|j|\u2606Mumet\n|t:|1733904103\n|gametype|singles\n|player|p1|Bill Zebub|cheryl|1516\n|player|p2|Mumet|n|1578\n|teamsize|p1|6\n|teamsize|p2|6\n|gen|9\n|tier|[Gen 9] Random Battle\n|rated|\n|rule|Species Clause: Limit one of each Pok\u00e9mon\n|rule|HP Percentage Mod: HP is shown in percentages\n|rule|Sleep Clause Mod: Limit one foe put to sleep\n|rule|Illusion Level Mod: Illusion disguises the Pok\u00e9mon's true level\n|\n|t:|1733904103\n|start\n|switch|p1a: Dodrio|Dodrio, L86, M|243/243\n|switch|p2a: Eiscue|Eiscue, L88, F|274/274\n|turn|1\n|inactive|Battle timer is ON: inactive players will automatically lose when time's up. (requested by Mumet)\n|\n|t:|1733904132\n|move|p1a: Dodrio|Brave Bird|p2a: Eiscue\n|-activate|p2a: Eiscue|ability: Ice Face\n|-damage|p2a: Eiscue|274/274\n|detailschange|p2a: Eiscue|Eiscue-Noice, L88, F\n|move|p2a: Eiscue|Belly Drum|p2a: Eiscue\n|-damage|p2a: Eiscue|137/274\n|-setboost|p2a: Eiscue|atk|6|[from] move: Belly Drum\n|-enditem|p2a: Eiscue|Sitrus Berry|[eat]\n|-heal|p2a: Eiscue|205/274|[from] item: Sitrus Berry\n|\n|upkeep\n|turn|2\n|\n|t:|1733904143\n|move|p2a: Eiscue|Ice Spinner|p1a: Dodrio\n|-supereffective|p1a: Dodrio\n|-damage|p1a: Dodrio|0 fnt\n|faint|p1a: Dodrio\n|\n|upkeep\n|\n|t:|1733904156\n|switch|p1a: Dedenne|Dedenne, L88, F|261/261\n|turn|3\n|\n|t:|1733904166\n|move|p2a: Eiscue|Liquidation|p1a: Dedenne\n|-damage|p1a: Dedenne|0 fnt\n|faint|p1a: Dedenne\n|\n|upkeep\n|\n|t:|1733904171\n|switch|p1a: Volcarona|Volcarona, L77, M|257/257\n|turn|4\n|\n|t:|1733904178\n|-terastallize|p1a: Volcarona|Water\n|move|p2a: Eiscue|Zen Headbutt|p1a: Volcarona\n|-damage|p1a: Volcarona|0 fnt\n|faint|p1a: Volcarona\n|\n|upkeep\n|\n|t:|1733904184\n|switch|p1a: Barraskewda|Barraskewda, L81, F|231/231\n|turn|5\n|\n|t:|1733904189\n|move|p2a: Eiscue|Zen Headbutt|p1a: Barraskewda\n|-damage|p1a: Barraskewda|0 fnt\n|faint|p1a: Barraskewda\n|\n|upkeep\n|\n|t:|1733904192\n|switch|p1a: Wo-Chien|Wo-Chien, L83|277/277\n|-ability|p1a: Wo-Chien|Tablets of Ruin\n|turn|6\n|\n|t:|1733904197\n|move|p2a: Eiscue|Ice Spinner|p1a: Wo-Chien\n|-supereffective|p1a: Wo-Chien\n|-damage|p1a: Wo-Chien|0 fnt\n|faint|p1a: Wo-Chien\n|\n|upkeep\n|\n|t:|1733904199\n|switch|p1a: Weavile|Weavile, L79, M|239/239\n|turn|7\n|c|\u2606Mumet|gg\n|\n|t:|1733904205\n|move|p1a: Weavile|Ice Shard|p2a: Eiscue\n|-resisted|p2a: Eiscue\n|-damage|p2a: Eiscue|169/274\n|move|p2a: Eiscue|Liquidation|p1a: Weavile\n|-damage|p1a: Weavile|0 fnt\n|faint|p1a: Weavile\n|\n|win|Mumet\n|raw|Bill Zebub's rating: 1516 &rarr; <strong>1500</strong><br />(-16 for losing)\n|raw|Mumet's rating: 1578 &rarr; <strong>1594</strong><br />(+16 for winning)\n|l|\u2606Bill Zebub\n|player|p1|\n", "inputlog": ">version bfd83cad13791eb5a5a409923076391caf6fb4d4\n>start {\"formatid\":\"gen9randombattle\",\"seed\":[41974,4849,29268,33817],\"rated\":\"Rated battle\"}\n>player p1 {\"name\":\"Bill Zebub\",\"avatar\":\"cheryl\",\"rating\":1516,\"seed\":[45297,50909,33733,51997]}\n>player p2 {\"name\":\"Mumet\",\"avatar\":\"n\",\"rating\":1578,\"seed\":[9506,51944,44370,27777]}\n>p1 move bravebird\n>p2 move bellydrum\n>p1 move bravebird\n>p2 move icespinner\n>p1 switch 3\n>p1 move nuzzle\n>p2 move liquidation\n>p1 switch 6\n>p1 move fireblast terastallize\n>p2 move zenheadbutt\n>p1 switch 5\n>p1 move poisonjab\n>p2 move zenheadbutt\n>p1 switch 2\n>p1 move stunspore\n>p2 move icespinner\n>p1 switch 4\n>chat \u2606Mumet|gg\n>p1 move iceshard\n>p2 move liquidation", "uploadtime": 1733904213, "views": 1, "formatid": "gen9randombattle", "rating": 1500, "private": 0, "password": null}