{"id": "gen9randombattle-2260394210", "format": "[Gen 9] Random Battle", "players": ["CuquiRaton", "3ndl3ssF10w"], "log": "|j|\u2606CuquiRaton\n|j|\u203d3ndl3ssF10w\n|t:|1733847322\n|gametype|singles\n|player|p1|CuquiRaton|twins-gen4|1127\n|player|p2|3ndl3ssF10w|n|1154\n|teamsize|p1|6\n|teamsize|p2|6\n|gen|9\n|tier|[Gen 9] Random Battle\n|rated|\n|rule|Species Clause: Limit one of each Pok\u00e9mon\n|rule|HP Percentage Mod: HP is shown in percentages\n|rule|Sleep Clause Mod: Limit one foe put to sleep\n|rule|Illusion Level Mod: Illusion disguises the Pok\u00e9mon's true level\n|\n|t:|1733847322\n|start\n|switch|p1a: Phione|Phione, L91|293/293\n|switch|p2a: Lugia|Lugia, L72|272/272\n|turn|1\n|inactive|Battle timer is ON: inactive players will automatically lose when time's up. (requested by CuquiRaton)\n|\n|t:|1733847335\n|move|p2a: Lugia|Calm Mind|p2a: Lugia\n|-boost|p2a: Lugia|spa|1\n|-boost|p2a: Lugia|spd|1\n|move|p1a: Phione|Ice Beam|p2a: Lugia\n|-supereffective|p2a: Lugia\n|-damage|p2a: Lugia|237/272\n|\n|upkeep\n|turn|2\n|\n|t:|1733847345\n|move|p2a: Lugia|Calm Mind|p2a: Lugia\n|-boost|p2a: Lugia|spa|1\n|-boost|p2a: Lugia|spd|1\n|move|p1a: Phione|Ice Beam|p2a: Lugia\n|-supereffective|p2a: Lugia\n|-damage|p2a: Lugia|191/272\n|\n|upkeep\n|turn|3\n|\n|t:|1733847352\n|move|p2a: Lugia|Calm Mind|p2a: Lugia\n|-boost|p2a: Lugia|spa|1\n|-boost|p2a: Lugia|spd|1\n|move|p1a: Phione|Ice Beam|p2a: Lugia\n|-supereffective|p2a: Lugia\n|-damage|p2a: Lugia|153/272\n|\n|upkeep\n|turn|4\n|\n|t:|1733847360\n|move|p2a: Lugia|Calm Mind|p2a: Lugia\n|-boost|p2a: Lugia|spa|1\n|-boost|p2a: Lugia|spd|1\n|move|p1a: Phione|Ice Beam|p2a: Lugia\n|-supereffective|p2a: Lugia\n|-damage|p2a: Lugia|121/272\n|\n|upkeep\n|turn|5\n|\n|t:|1733847367\n|move|p2a: Lugia|Recover|p2a: Lugia\n|-heal|p2a: Lugia|257/272\n|move|p1a: Phione|Ice Beam|p2a: Lugia\n|-supereffective|p2a: Lugia\n|-damage|p2a: Lugia|221/272\n|\n|upkeep\n|turn|6\n|c|\u2606CuquiRaton|this game is a fucking joke\n|-message|CuquiRaton forfeited.\n|\n|win|3ndl3ssF10w\n", "inputlog": ">version bfd83cad13791eb5a5a409923076391caf6fb4d4\n>start {\"formatid\":\"gen9randombattle\",\"seed\":[32319,18156,55536,53690],\"rated\":\"Rated battle\"}\n>player p1 {\"name\":\"CuquiRaton\",\"avatar\":\"twins-gen4\",\"rating\":1127,\"seed\":[61417,24069,51279,39138]}\n>player p2 {\"name\":\"3ndl3ssF10w\",\"avatar\":\"n\",\"rating\":1154,\"seed\":[46233,31092,3032,6311]}\n>p1 move icebeam\n>p2 move calmmind\n>p1 move icebeam\n>p2 move calmmind\n>p1 move icebeam\n>p2 move calmmind\n>p1 move icebeam\n>p2 move calmmind\n>p1 move icebeam\n>p2 move recover\n>chat \u2606CuquiRaton|this game is a fucking joke\n>forcelose p1", "uploadtime": 1733847381, "views": 1, "formatid": "gen9randombattle", "rating": null, "private": 0, "password": null}