{"id": "gen9randombattle-2260842392", "format": "[Gen 9] Random Battle", "players": ["56i645i5s", "Nomadik"], "log": "|j|\u260656i645i5s\n|j|\u2606Nomadik\n|t:|1733902402\n|gametype|singles\n|player|p1|56i645i5s|2|1186\n|player|p2|Nomadik|battlegirl|1189\n|teamsize|p1|6\n|teamsize|p2|6\n|gen|9\n|tier|[Gen 9] Random Battle\n|rated|\n|rule|Species Clause: Limit one of each Pok\u00e9mon\n|rule|HP Percentage Mod: HP is shown in percentages\n|rule|Sleep Clause Mod: Limit one foe put to sleep\n|rule|Illusion Level Mod: Illusion disguises the Pok\u00e9mon's true level\n|\n|t:|1733902402\n|start\n|switch|p1a: Dragonite|Dragonite, L74, M|257/257\n|switch|p2a: Mewtwo|Mewtwo, L72|272/272\n|-ability|p2a: Mewtwo|Unnerve\n|turn|1\n|inactive|Battle timer is ON: inactive players will automatically lose when time's up. (requested by 56i645i5s)\n|\n|t:|1733902441\n|move|p2a: Mewtwo|Nasty Plot|p2a: Mewtwo\n|-boost|p2a: Mewtwo|spa|2\n|move|p1a: Dragonite|Dragon Dance|p1a: Dragonite\n|-boost|p1a: Dragonite|atk|1\n|-boost|p1a: Dragonite|spe|1\n|\n|upkeep\n|turn|2\n|\n|t:|1733902455\n|move|p1a: Dragonite|Outrage|p2a: Mewtwo\n|-crit|p2a: Mewtwo\n|-damage|p2a: Mewtwo|0 fnt\n|faint|p2a: Mewtwo\n|\n|upkeep\n|l|\u2606Nomadik\n|inactive|Nomadik disconnected and has a minute to reconnect!\n|player|p2|\n|inactive|Nomadik has 30 seconds to reconnect!\n|inactive|Nomadik has 20 seconds to reconnect!\n|inactive|Nomadik has 15 seconds to reconnect!\n|inactive|Nomadik has 10 seconds to reconnect!\n|inactive|Nomadik has 5 seconds to reconnect!\n|-message|Nomadik lost due to inactivity.\n|\n|win|56i645i5s\n|raw|56i645i5s's rating: 1186 &rarr; <strong>1211</strong><br />(+25 for winning)\n|raw|Nomadik's rating: 1189 &rarr; <strong>1164</strong><br />(-25 for losing)\n", "inputlog": ">version bfd83cad13791eb5a5a409923076391caf6fb4d4\n>start {\"formatid\":\"gen9randombattle\",\"seed\":[17854,24038,14505,10285],\"rated\":\"Rated battle\"}\n>player p1 {\"name\":\"56i645i5s\",\"avatar\":\"2\",\"rating\":1186,\"seed\":[39210,36350,63594,44193]}\n>player p2 {\"name\":\"Nomadik\",\"avatar\":\"battlegirl\",\"rating\":1189,\"seed\":[33340,10373,25990,52483]}\n>p1 move dragondance\n>p2 move nastyplot\n>p1 move outrage\n>p2 move psystrike\n>forcelose p2", "uploadtime": 1733902538, "views": 1, "formatid": "gen9randombattle", "rating": 1164, "private": 0, "password": null}