{"id": "gen9randombattle-2260051424", "format": "[Gen 9] Random Battle", "players": ["durit", "Leftjay"], "log": "|j|\u2606durit\n|j|\u2606Leftjay\n|t:|1733795904\n|gametype|singles\n|player|p1|durit|101|1345\n|player|p2|Leftjay|cyclist-gen4|1383\n|teamsize|p1|6\n|teamsize|p2|6\n|gen|9\n|tier|[Gen 9] Random Battle\n|rated|\n|rule|Species Clause: Limit one of each Pok\u00e9mon\n|rule|HP Percentage Mod: HP is shown in percentages\n|rule|Sleep Clause Mod: Limit one foe put to sleep\n|rule|Illusion Level Mod: Illusion disguises the Pok\u00e9mon's true level\n|\n|t:|1733795904\n|start\n|switch|p1a: Torterra|Torterra, L78, F|276/276\n|switch|p2a: Deoxys|Deoxys-Defense, L84|221/221\n|-ability|p2a: Deoxys|Pressure\n|turn|1\n|inactive|Battle timer is ON: inactive players will automatically lose when time's up. (requested by Leftjay)\n|\n|t:|1733795925\n|move|p2a: Deoxys|Psychic Noise|p1a: Torterra\n|-damage|p1a: Torterra|201/276\n|-start|p1a: Torterra|move: Heal Block\n|move|p1a: Torterra|Shell Smash|p1a: Torterra\n|-unboost|p1a: Torterra|def|1\n|-unboost|p1a: Torterra|spd|1\n|-boost|p1a: Torterra|atk|2\n|-boost|p1a: Torterra|spa|2\n|-boost|p1a: Torterra|spe|2\n|\n|upkeep\n|turn|2\n|\n|t:|1733795936\n|move|p1a: Torterra|Shell Smash|p1a: Torterra\n|-unboost|p1a: Torterra|def|1\n|-unboost|p1a: Torterra|spd|1\n|-boost|p1a: Torterra|atk|2\n|-boost|p1a: Torterra|spa|2\n|-boost|p1a: Torterra|spe|2\n|move|p2a: Deoxys|Stealth Rock|p1a: Torterra\n|-sidestart|p1: durit|move: Stealth Rock\n|\n|-end|p1a: Torterra|move: Heal Block\n|upkeep\n|turn|3\n|\n|t:|1733795953\n|move|p1a: Torterra|Headlong Rush|p2a: Deoxys\n|-damage|p2a: Deoxys|7/221\n|-unboost|p1a: Torterra|def|1\n|-unboost|p1a: Torterra|spd|1\n|move|p2a: Deoxys|Psychic Noise|p1a: Torterra\n|-damage|p1a: Torterra|44/276\n|-start|p1a: Torterra|move: Heal Block\n|\n|-heal|p2a: Deoxys|20/221|[from] item: Leftovers\n|upkeep\n|turn|4\n|\n|t:|1733795969\n|move|p1a: Torterra|Bullet Seed|p2a: Deoxys\n|-damage|p2a: Deoxys|0 fnt\n|faint|p2a: Deoxys\n|-hitcount|p2: Deoxys|1\n|\n|-end|p1a: Torterra|move: Heal Block\n|upkeep\n|c|\u2606durit|torterra gonna fuck shit up\n|\n|t:|1733795988\n|switch|p2a: Slowbro|Slowbro-Galar, L87, F|307/307\n|turn|5\n|inactive|Leftjay has 120 seconds left.\n|\n|t:|1733796003\n|move|p1a: Torterra|Headlong Rush|p2a: Slowbro\n|-supereffective|p2a: Slowbro\n|-damage|p2a: Slowbro|0 fnt\n|-unboost|p1a: Torterra|def|1\n|-unboost|p1a: Torterra|spd|1\n|faint|p2a: Slowbro\n|\n|upkeep\n|inactive|Leftjay has 120 seconds left.\n|\n|t:|1733796008\n|switch|p2a: Dragapult|Dragapult, L77, F|262/262\n|turn|6\n|c|\u2606durit|u fucked up bro\n|\n|t:|1733796016\n|move|p1a: Torterra|Headlong Rush|p2a: Dragapult\n|-damage|p2a: Dragapult|0 fnt\n|-unboost|p1a: Torterra|def|1\n|-unboost|p1a: Torterra|spd|1\n|faint|p2a: Dragapult\n|\n|upkeep\n|-message|Leftjay forfeited.\n|\n|win|durit\n", "inputlog": ">version bfd83cad13791eb5a5a409923076391caf6fb4d4\n>start {\"formatid\":\"gen9randombattle\",\"seed\":[45900,13042,51285,61485],\"rated\":\"Rated battle\"}\n>player p1 {\"name\":\"durit\",\"avatar\":\"101\",\"rating\":1345,\"seed\":[17721,7942,42112,39129]}\n>player p2 {\"name\":\"Leftjay\",\"avatar\":\"cyclist-gen4\",\"rating\":1383,\"seed\":[41490,38934,29618,31884]}\n>p1 move shellsmash\n>p2 move psychicnoise\n>p1 move shellsmash\n>p2 move stealthrock\n>p1 move headlongrush\n>p2 move psychicnoise\n>p1 move bulletseed\n>p2 move spikes\n>chat \u2606durit|torterra gonna fuck shit up \n>p2 switch 2\n>p1 move headlongrush\n>p2 move trickroom\n>p2 switch 3\n>chat \u2606durit|u fucked up bro\n>p1 move headlongrush\n>p2 move dragondance\n>forcelose p2", "uploadtime": 1733795986, "views": 5, "formatid": "gen9randombattle", "rating": null, "private": 0, "password": null}