{"id": "gen9randombattle-2260379834", "format": "[Gen 9] Random Battle", "players": ["Juhnbatlle", "Lilligant Moment !"], "log": "|j|\u2606Juhnbatlle\n|j|\u2606Lilligant Moment !\n|t:|1733845874\n|gametype|singles\n|player|p1|Juhnbatlle|1|1548\n|player|p2|Lilligant Moment !|skyla-masters|1513\n|teamsize|p1|6\n|teamsize|p2|6\n|gen|9\n|tier|[Gen 9] Random Battle\n|rated|\n|rule|Species Clause: Limit one of each Pok\u00e9mon\n|rule|HP Percentage Mod: HP is shown in percentages\n|rule|Sleep Clause Mod: Limit one foe put to sleep\n|rule|Illusion Level Mod: Illusion disguises the Pok\u00e9mon's true level\n|\n|t:|1733845874\n|start\n|switch|p1a: Ogerpon|Ogerpon-Hearthflame, L74, F|239/239\n|switch|p2a: Lanturn|Lanturn, L89, F|367/367\n|-ability|p1a: Ogerpon|Mold Breaker\n|turn|1\n|\n|t:|1733845902\n|move|p1a: Ogerpon|Power Whip|p2a: Lanturn\n|-supereffective|p2a: Lanturn\n|-damage|p2a: Lanturn|23/367\n|move|p2a: Lanturn|Thunder Wave|p1a: Ogerpon|[miss]\n|-miss|p2a: Lanturn|p1a: Ogerpon\n|\n|-heal|p2a: Lanturn|45/367|[from] item: Leftovers\n|upkeep\n|turn|2\n|\n|t:|1733845908\n|move|p1a: Ogerpon|Knock Off|p2a: Lanturn\n|-damage|p2a: Lanturn|0 fnt\n|-enditem|p2a: Lanturn|Leftovers|[from] move: Knock Off|[of] p1a: Ogerpon\n|faint|p2a: Lanturn\n|\n|upkeep\n|\n|t:|1733845921\n|switch|p2a: Passimian|Passimian, L83, M|302/302\n|turn|3\n|\n|t:|1733845930\n|switch|p1a: Azelf|Azelf, L82|257/257\n|move|p2a: Passimian|Gunk Shot|p1a: Azelf|[miss]\n|-miss|p2a: Passimian|p1a: Azelf\n|\n|upkeep\n|turn|4\n|-message|Lilligant Moment ! forfeited.\n|\n|win|Juhnbatlle\n|raw|Juhnbatlle's rating: 1548 &rarr; <strong>1566</strong><br />(+18 for winning)\n|raw|Lilligant Moment !'s rating: 1513 &rarr; <strong>1495</strong><br />(-18 for losing)\n|l|\u2606Lilligant Moment !\n|player|p2|\n", "inputlog": ">version bfd83cad13791eb5a5a409923076391caf6fb4d4\n>start {\"formatid\":\"gen9randombattle\",\"seed\":[18598,13177,39128,49032],\"rated\":\"Rated battle\"}\n>player p1 {\"name\":\"Juhnbatlle\",\"avatar\":\"1\",\"rating\":1548,\"seed\":[15763,36424,16887,49184]}\n>player p2 {\"name\":\"Lilligant Moment !\",\"avatar\":\"skyla-masters\",\"rating\":1513,\"seed\":[39518,3452,37889,23928]}\n>p1 move powerwhip\n>p2 move thunderwave\n>p1 move knockoff\n>p2 move thunderwave\n>p2 switch 6\n>p1 switch 5\n>p2 move gunkshot\n>forcelose p2", "uploadtime": 1733845937, "views": 1, "formatid": "gen9randombattle", "rating": 1495, "private": 0, "password": null}