{"id": "gen9randombattle-2109745420", "format": "[Gen 9] Random Battle", "players": ["Aqua", "Delta 2777"], "log": "|badge|p1|silver|gen9randombattle|30-1\n|uhtml|medal-msg|<div class=\"broadcast-blue\">Curious what those medals under the avatar are? PS now has Ladder Seasons! For more information, check out the <a href=\"https://www.smogon.com/forums/threads/3740067/\">thread on Smogon.</a></div>\n|badge|p2|silver|gen9randombattle|30-1\n|uhtml|medal-msg|<div class=\"broadcast-blue\">Curious what those medals under the avatar are? PS now has Ladder Seasons! For more information, check out the <a href=\"https://www.smogon.com/forums/threads/3740067/\">thread on Smogon.</a></div>\n|j|\u2606Aqua\n|j|\u2606Delta 2777\n|t:|1713878365\n|gametype|singles\n|player|p1|Aqua|#rbtt6teamlatiasf|2489\n|player|p2|Delta 2777|170|2513\n|teamsize|p1|6\n|teamsize|p2|6\n|gen|9\n|tier|[Gen 9] Random Battle\n|rated|\n|rule|Species Clause: Limit one of each Pok\u00e9mon\n|rule|HP Percentage Mod: HP is shown in percentages\n|rule|Sleep Clause Mod: Limit one foe put to sleep\n|rule|Illusion Level Mod: Illusion disguises the Pok\u00e9mon's true level\n|\n|t:|1713878365\n|start\n|switch|p1a: Hydreigon|Hydreigon, L79, F|275/275\n|switch|p2a: Dodrio|Dodrio, L85, F|241/241\n|turn|1\n|inactive|Battle timer is ON: inactive players will automatically lose when time's up. (requested by Delta 2777)\n|c|\u2606Aqua|hf\n|c|\u2606Delta 2777|u2 :3\n|inactive|Aqua has 120 seconds left.\n|inactive|Delta 2777 has 120 seconds left.\n|\n|t:|1713878406\n|switch|p2a: Amoonguss|Amoonguss, L82, F|321/321\n|move|p1a: Hydreigon|Dark Pulse|p2a: Amoonguss\n|-damage|p2a: Amoonguss|164/321\n|\n|-heal|p2a: Amoonguss|184/321|[from] item: Leftovers\n|upkeep\n|turn|2\n|j| markleshark\n|\n|t:|1713878420\n|move|p1a: Hydreigon|Dark Pulse|p2a: Amoonguss\n|-damage|p2a: Amoonguss|36/321\n|move|p2a: Amoonguss|Spore|p1a: Hydreigon\n|-status|p1a: Hydreigon|slp|[from] move: Spore\n|\n|-heal|p2a: Amoonguss|56/321|[from] item: Leftovers\n|upkeep\n|turn|3\n|\n|t:|1713878432\n|switch|p2a: Furret|Furret, L93, M|309/309\n|-item|p1a: Hydreigon|Choice Specs|[from] ability: Frisk|[of] p2a: Furret|[identify]\n|cant|p1a: Hydreigon|slp\n|\n|upkeep\n|turn|4\n|\n|t:|1713878443\n|switch|p1a: Glastrier|Glastrier, L86|312/312\n|move|p2a: Furret|U-turn|p1a: Glastrier\n|-damage|p1a: Glastrier|260/312\n|\n|t:|1713878450\n|switch|p2a: Gallade|Gallade, L82, M|246/246|[from] U-turn\n|\n|upkeep\n|turn|5\n|\n|t:|1713878472\n|switch|p1a: Mimikyu|Mimikyu, L79, M|216/216\n|move|p2a: Gallade|Sacred Sword|p1a: Mimikyu\n|-immune|p1a: Mimikyu\n|\n|upkeep\n|turn|6\n|\n|t:|1713878479\n|switch|p1a: Chandelure|Chandelure, L83, M|235/235\n|switch|p2a: Jumpluff|Jumpluff, L87, F|271/271\n|\n|upkeep\n|turn|7\n|\n|t:|1713878493\n|move|p2a: Jumpluff|Acrobatics|p1a: Chandelure\n|-damage|p1a: Chandelure|159/235\n|move|p1a: Chandelure|Fire Blast|p2a: Jumpluff\n|-supereffective|p2a: Jumpluff\n|-damage|p2a: Jumpluff|0 fnt\n|faint|p2a: Jumpluff\n|\n|-heal|p1a: Chandelure|173/235|[from] item: Leftovers\n|upkeep\n|\n|t:|1713878505\n|switch|p2a: Dodrio|Dodrio, L85, F|241/241\n|turn|8\n|\n|t:|1713878535\n|switch|p1a: Mimikyu|Mimikyu, L79, M|216/216\n|move|p2a: Dodrio|Knock Off|p1a: Mimikyu\n|-activate|p1a: Mimikyu|ability: Disguise\n|-damage|p1a: Mimikyu|216/216\n|-enditem|p1a: Mimikyu|Life Orb|[from] move: Knock Off|[of] p2a: Dodrio\n|detailschange|p1a: Mimikyu|Mimikyu-Busted, L79, M\n|-damage|p1a: Mimikyu|189/216|[from] pokemon: Mimikyu-Busted\n|\n|upkeep\n|turn|9\n|\n|t:|1713878546\n|switch|p2a: Kingambit|Kingambit, L74, F|270/270\n|-activate|p2a: Kingambit|ability: Supreme Overlord\n|-start|p2a: Kingambit|fallen1|[silent]\n|move|p1a: Mimikyu|Play Rough|p2a: Kingambit\n|-damage|p2a: Kingambit|195/270\n|\n|-heal|p2a: Kingambit|211/270|[from] item: Leftovers\n|upkeep\n|turn|10\n|\n|t:|1713878560\n|switch|p1a: Arceus|Arceus-Ground, L70|284/284\n|-end|p2a: Kingambit|fallen1|[silent]\n|switch|p2a: Amoonguss|Amoonguss, L82, F|163/321\n|\n|-heal|p2a: Amoonguss|183/321|[from] item: Leftovers\n|upkeep\n|turn|11\n|\n|t:|1713878571\n|switch|p1a: Chandelure|Chandelure, L83, M|173/235\n|switch|p2a: Dodrio|Dodrio, L85, F|241/241\n|\n|-heal|p1a: Chandelure|187/235|[from] item: Leftovers\n|upkeep\n|turn|12\n|inactive|Aqua has 120 seconds left.\n|\n|t:|1713878619\n|move|p2a: Dodrio|Swords Dance|p2a: Dodrio\n|-boost|p2a: Dodrio|atk|2\n|move|p1a: Chandelure|Fire Blast|p2a: Dodrio\n|-damage|p2a: Dodrio|19/241\n|\n|-heal|p1a: Chandelure|201/235|[from] item: Leftovers\n|upkeep\n|turn|13\n|inactive|Aqua has 90 seconds left.\n|\n|t:|1713878647\n|switch|p1a: Hydreigon|Hydreigon, L79, F|275/275 slp\n|move|p2a: Dodrio|Knock Off|p1a: Hydreigon\n|-resisted|p1a: Hydreigon\n|-damage|p1a: Hydreigon|192/275 slp\n|-enditem|p1a: Hydreigon|Choice Specs|[from] move: Knock Off|[of] p2a: Dodrio\n|\n|upkeep\n|turn|14\n|\n|t:|1713878665\n|move|p2a: Dodrio|Brave Bird|p1a: Hydreigon\n|-crit|p1a: Hydreigon\n|-damage|p1a: Hydreigon|0 fnt\n|faint|p1a: Hydreigon\n|-damage|p2a: Dodrio|0 fnt|[from] Recoil\n|faint|p2a: Dodrio\n|\n|upkeep\n|inactive|Aqua has 90 seconds left.\n|\n|t:|1713878682\n|switch|p2a: Furret|Furret, L93, M|309/309\n|switch|p1a: Chandelure|Chandelure, L83, M|201/235\n|-item|p1a: Chandelure|Leftovers|[from] ability: Frisk|[of] p2a: Furret|[identify]\n|turn|15\n|\n|t:|1713878696\n|switch|p1a: Mimikyu|Mimikyu-Busted, L79, M|189/216\n|move|p2a: Furret|Knock Off|p1a: Mimikyu\n|-damage|p1a: Mimikyu|102/216\n|\n|upkeep\n|turn|16\n|\n|t:|1713878713\n|switch|p2a: Amoonguss|Amoonguss, L82, F|290/321\n|switch|p1a: Arceus|Arceus-Ground, L70|284/284\n|\n|-heal|p2a: Amoonguss|310/321|[from] item: Leftovers\n|upkeep\n|turn|17\n|j| 35Q71N\n|\n|t:|1713878723\n|switch|p1a: Chandelure|Chandelure, L83, M|201/235\n|move|p2a: Amoonguss|Giga Drain|p1a: Chandelure\n|-resisted|p1a: Chandelure\n|-damage|p1a: Chandelure|166/235\n|-heal|p2a: Amoonguss|321/321|[from] drain|[of] p1a: Chandelure\n|\n|-heal|p1a: Chandelure|180/235|[from] item: Leftovers\n|upkeep\n|turn|18\n|\n|t:|1713878734\n|switch|p2a: Furret|Furret, L93, M|309/309\n|-item|p1a: Chandelure|Leftovers|[from] ability: Frisk|[of] p2a: Furret|[identify]\n|move|p1a: Chandelure|Substitute|p1a: Chandelure\n|-start|p1a: Chandelure|Substitute\n|-damage|p1a: Chandelure|122/235\n|\n|-heal|p1a: Chandelure|136/235|[from] item: Leftovers\n|upkeep\n|turn|19\n|\n|t:|1713878752\n|move|p2a: Furret|Knock Off|p1a: Chandelure\n|-supereffective|p1a: Chandelure\n|-end|p1a: Chandelure|Substitute\n|move|p1a: Chandelure|Fire Blast|p2a: Furret\n|-damage|p2a: Furret|101/309\n|\n|-heal|p1a: Chandelure|150/235|[from] item: Leftovers\n|upkeep\n|turn|20\n|j| meamdefinitely4\n|\n|t:|1713878770\n|switch|p2a: Amoonguss|Amoonguss, L82, F|321/321\n|switch|p1a: Arceus|Arceus-Ground, L70|284/284\n|\n|upkeep\n|turn|21\n|j| Lucius artor\n|\n|t:|1713878791\n|switch|p1a: Chandelure|Chandelure, L83, M|150/235\n|move|p2a: Amoonguss|Spore|p1a: Chandelure\n|-status|p1a: Chandelure|slp|[from] move: Spore\n|\n|-heal|p1a: Chandelure|164/235 slp|[from] item: Leftovers\n|upkeep\n|turn|22\n|\n|t:|1713878806\n|switch|p2a: Kingambit|Kingambit, L74, F|211/270\n|-activate|p2a: Kingambit|ability: Supreme Overlord\n|-start|p2a: Kingambit|fallen2|[silent]\n|cant|p1a: Chandelure|slp\n|\n|-heal|p1a: Chandelure|178/235 slp|[from] item: Leftovers\n|-heal|p2a: Kingambit|227/270|[from] item: Leftovers\n|upkeep\n|turn|23\n|\n|t:|1713878818\n|switch|p1a: Arceus|Arceus-Ground, L70|284/284\n|move|p2a: Kingambit|Swords Dance|p2a: Kingambit\n|-boost|p2a: Kingambit|atk|2\n|\n|-heal|p2a: Kingambit|243/270|[from] item: Leftovers\n|upkeep\n|turn|24\n|l| meamdefinitely4\n|\n|t:|1713878837\n|-terastallize|p2a: Kingambit|Dark\n|move|p1a: Arceus|Judgment|p2a: Kingambit\n|-damage|p2a: Kingambit|125/270\n|move|p2a: Kingambit|Swords Dance|p2a: Kingambit\n|-boost|p2a: Kingambit|atk|2\n|\n|-heal|p2a: Kingambit|141/270|[from] item: Leftovers\n|upkeep\n|turn|25\n|inactive|Delta 2777 has 120 seconds left.\n|inactive|Aqua has 60 seconds left.\n|inactive|Aqua has 30 seconds left.\n|\n|t:|1713878898\n|move|p2a: Kingambit|Sucker Punch|p1a: Arceus\n|-damage|p1a: Arceus|0 fnt\n|faint|p1a: Arceus\n|\n|-heal|p2a: Kingambit|157/270|[from] item: Leftovers\n|upkeep\n|inactive|Aqua has 30 seconds left.\n|inactive|Aqua has 20 seconds left.\n|\n|t:|1713878914\n|switch|p1a: Glastrier|Glastrier, L86|260/312\n|turn|26\n|inactive|Aqua has 30 seconds left this turn.\n|inactive|Delta 2777 has 120 seconds left.\n|\n|t:|1713878932\n|-end|p2a: Kingambit|fallen2|[silent]\n|switch|p2a: Gallade|Gallade, L82, M|246/246\n|-terastallize|p1a: Glastrier|Fighting\n|move|p1a: Glastrier|Close Combat|p2a: Gallade\n|-resisted|p2a: Gallade\n|-damage|p2a: Gallade|135/246\n|-unboost|p1a: Glastrier|def|1\n|-unboost|p1a: Glastrier|spd|1\n|\n|upkeep\n|turn|27\n|inactive|Aqua has 30 seconds left.\n|inactive|Aqua has 20 seconds left.\n|inactive|Aqua has 15 seconds left.\n|inactive|Aqua has 10 seconds left.\n|inactiveoff|Battle timer is now OFF.\n|\n|t:|1713878974\n|switch|p1a: Mimikyu|Mimikyu-Busted, L79, M|102/216\n|move|p2a: Gallade|Psycho Cut|p1a: Mimikyu\n|-damage|p1a: Mimikyu|0 fnt\n|faint|p1a: Mimikyu\n|-damage|p2a: Gallade|111/246|[from] item: Life Orb\n|\n|upkeep\n|\n|t:|1713878979\n|switch|p1a: Gyarados|Gyarados, L79, F|280/280\n|-ability|p1a: Gyarados|Intimidate|boost\n|-unboost|p2a: Gallade|atk|1\n|turn|28\n|j| oh wow pipe bomb\n|\n|t:|1713879018\n|move|p2a: Gallade|Psycho Cut|p1a: Gyarados\n|-damage|p1a: Gyarados|159/280\n|-damage|p2a: Gallade|87/246|[from] item: Life Orb\n|move|p1a: Gyarados|Waterfall|p2a: Gallade\n|-damage|p2a: Gallade|0 fnt\n|faint|p2a: Gallade\n|\n|upkeep\n|\n|t:|1713879031\n|switch|p2a: Amoonguss|Amoonguss, L82, F|321/321\n|turn|29\n|\n|t:|1713879059\n|switch|p1a: Chandelure|Chandelure, L83, M|178/235 slp\n|switch|p2a: Furret|Furret, L93, M|101/309\n|-item|p1a: Chandelure|Leftovers|[from] ability: Frisk|[of] p2a: Furret|[identify]\n|\n|-heal|p1a: Chandelure|192/235 slp|[from] item: Leftovers\n|upkeep\n|turn|30\n|\n|t:|1713879067\n|switch|p1a: Gyarados|Gyarados, L79, F|159/280\n|-ability|p1a: Gyarados|Intimidate|boost\n|-unboost|p2a: Furret|atk|1\n|move|p2a: Furret|Double-Edge|p1a: Gyarados\n|-damage|p1a: Gyarados|17/280\n|-damage|p2a: Furret|54/309|[from] Recoil\n|\n|upkeep\n|turn|31\n|\n|t:|1713879084\n|switch|p2a: Kingambit|Kingambit, L74, F, tera:Dark|157/270\n|-activate|p2a: Kingambit|ability: Supreme Overlord\n|-start|p2a: Kingambit|fallen3|[silent]\n|switch|p1a: Chandelure|Chandelure, L83, M|192/235 slp\n|\n|-heal|p1a: Chandelure|206/235 slp|[from] item: Leftovers\n|-heal|p2a: Kingambit|173/270|[from] item: Leftovers\n|upkeep\n|turn|32\n|l| oh wow pipe bomb\n|l| markleshark\n|\n|t:|1713879112\n|switch|p1a: Glastrier|Glastrier, L86, tera:Fighting|260/312\n|move|p2a: Kingambit|Kowtow Cleave|p1a: Glastrier\n|-resisted|p1a: Glastrier\n|-damage|p1a: Glastrier|197/312\n|\n|-heal|p2a: Kingambit|189/270|[from] item: Leftovers\n|upkeep\n|turn|33\n|j| oh wow pipe bomb\n|\n|t:|1713879144\n|-end|p2a: Kingambit|fallen3|[silent]\n|switch|p2a: Amoonguss|Amoonguss, L82, F|321/321\n|move|p1a: Glastrier|Icicle Crash|p2a: Amoonguss\n|-supereffective|p2a: Amoonguss\n|-damage|p2a: Amoonguss|19/321\n|\n|-heal|p2a: Amoonguss|39/321|[from] item: Leftovers\n|upkeep\n|turn|34\n|\n|t:|1713879153\n|move|p1a: Glastrier|Heavy Slam|p2a: Amoonguss\n|-damage|p2a: Amoonguss|0 fnt\n|faint|p2a: Amoonguss\n|-ability|p1a: Glastrier|Chilling Neigh|boost\n|-boost|p1a: Glastrier|atk|1\n|\n|upkeep\n|\n|t:|1713879156\n|switch|p2a: Furret|Furret, L93, M|54/309\n|-item|p1a: Glastrier|Heavy-Duty Boots|[from] ability: Frisk|[of] p2a: Furret|[identify]\n|turn|35\n|l| oh wow pipe bomb\n|j| oh wow pipe bomb\n|\n|t:|1713879211\n|switch|p1a: Gyarados|Gyarados, L79, F|17/280\n|-ability|p1a: Gyarados|Intimidate|boost\n|-unboost|p2a: Furret|atk|1\n|move|p2a: Furret|U-turn|p1a: Gyarados\n|-resisted|p1a: Gyarados\n|-damage|p1a: Gyarados|0 fnt\n|faint|p1a: Gyarados\n|\n|t:|1713879219\n|switch|p2a: Kingambit|Kingambit, L74, F, tera:Dark|189/270|[from] U-turn\n|-activate|p2a: Kingambit|ability: Supreme Overlord\n|-start|p2a: Kingambit|fallen4|[silent]\n|\n|-heal|p2a: Kingambit|205/270|[from] item: Leftovers\n|upkeep\n|\n|t:|1713879221\n|switch|p1a: Glastrier|Glastrier, L86, tera:Fighting|197/312\n|turn|36\n|\n|t:|1713879232\n|-end|p2a: Kingambit|fallen4|[silent]\n|switch|p2a: Furret|Furret, L93, M|54/309\n|-item|p1a: Glastrier|Heavy-Duty Boots|[from] ability: Frisk|[of] p2a: Furret|[identify]\n|move|p1a: Glastrier|Heavy Slam|p2a: Furret\n|-damage|p2a: Furret|0 fnt\n|faint|p2a: Furret\n|-ability|p1a: Glastrier|Chilling Neigh|boost\n|-boost|p1a: Glastrier|atk|1\n|\n|upkeep\n|\n|t:|1713879237\n|switch|p2a: Kingambit|Kingambit, L74, F, tera:Dark|205/270\n|-activate|p2a: Kingambit|ability: Supreme Overlord\n|-start|p2a: Kingambit|fallen5|[silent]\n|turn|37\n|\n|t:|1713879251\n|move|p2a: Kingambit|Iron Head|p1a: Glastrier\n|-damage|p1a: Glastrier|97/312\n|cant|p1a: Glastrier|flinch\n|\n|-heal|p2a: Kingambit|221/270|[from] item: Leftovers\n|upkeep\n|turn|38\n|\n|t:|1713879260\n|move|p2a: Kingambit|Iron Head|p1a: Glastrier\n|-damage|p1a: Glastrier|6/312\n|move|p1a: Glastrier|Close Combat|p2a: Kingambit\n|-supereffective|p2a: Kingambit\n|-damage|p2a: Kingambit|0 fnt\n|-unboost|p1a: Glastrier|def|1\n|-unboost|p1a: Glastrier|spd|1\n|faint|p2a: Kingambit\n|-end|p2a: Kingambit|fallen5|[silent]\n|\n|win|Aqua\n|raw|Aqua's rating: 2489 &rarr; <strong>2510</strong><br />(+21 for winning)\n|raw|Delta 2777's rating: 2513 &rarr; <strong>2492</strong><br />(-21 for losing)\n|c|\u2606Delta 2777|gg\n|c|\u2606Aqua|gg\n|l|\u2606Delta 2777\n|player|p2|\n", "inputlog": ">version c1b1c86c731645bae485f5133c3075d0a2ccc25c\n>start {\"formatid\":\"gen9randombattle\",\"seed\":[55533,30747,55044,60121],\"rated\":\"Rated battle\"}\n>player p1 {\"name\":\"Aqua\",\"avatar\":\"#rbtt6teamlatiasf\",\"rating\":2489,\"seed\":[60596,41204,27163,27985]}\n>player p2 {\"name\":\"Delta 2777\",\"avatar\":\"170\",\"rating\":2513,\"seed\":[4889,25453,22745,20286]}\n>chat \u2606Aqua|hf\n>chat \u2606Delta 2777|u2 :3\n>p1 move darkpulse\n>p2 switch 6\n>p1 move darkpulse\n>p2 move spore\n>p1 move darkpulse\n>p2 switch 4\n>p1 switch 4\n>p2 move uturn\n>p2 switch 3\n>p1 switch 5\n>p2 move sacredsword\n>p1 switch 2\n>p2 switch 2\n>p1 move fireblast\n>p2 move acrobatics\n>p2 switch 6\n>p1 switch 2\n>p2 move knockoff\n>p1 move playrough\n>p2 switch 5\n>p1 switch 3\n>p2 switch 4\n>p1 switch 2\n>p2 switch 5\n>p1 move fireblast\n>p2 move swordsdance\n>p1 switch 4\n>p2 move knockoff\n>p1 move uturn\n>p2 move bravebird\n>p1 switch 4\n>p2 switch 3\n>p1 switch 3\n>p2 move knockoff\n>p1 switch 2\n>p2 switch 5\n>p1 switch 3\n>p2 move gigadrain\n>p1 move substitute\n>p2 switch 5\n>p1 move fireblast\n>p2 move knockoff\n>p1 switch 3\n>p2 switch 5\n>p1 switch 3\n>p2 move spore\n>p1 move fireblast\n>p2 switch 4\n>p1 switch 3\n>p2 move swordsdance\n>p1 move judgment\n>p2 move swordsdance terastallize\n>p1 move judgment\n>p2 move suckerpunch\n>p1 switch 5\n>p1 move closecombat terastallize\n>p2 switch 2\n>p1 switch 2\n>p2 move psychocut\n>p1 switch 6\n>p1 move waterfall\n>p2 move psychocut\n>p2 switch 4\n>p1 switch 3\n>p2 switch 5\n>p1 switch 3\n>p2 move doubleedge\n>p1 switch 3\n>p2 switch 2\n>p1 switch 2\n>p2 move kowtowcleave\n>p1 move iciclecrash\n>p2 switch 5\n>p1 move heavyslam\n>p2 move gigadrain\n>p2 switch 2\n>p1 switch 3\n>p2 move uturn\n>p2 switch 5\n>p1 switch 3\n>p1 move heavyslam\n>p2 switch 5\n>p2 switch 5\n>p1 move closecombat\n>p2 move ironhead\n>p1 move closecombat\n>p2 move ironhead", "uploadtime": 1713879269, "views": 293, "formatid": "gen9randombattle", "rating": 2492, "private": 0, "password": null}