{"id": "gen9randombattle-2260326945", "format": "[Gen 9] Random Battle", "players": ["QSmasher", "avaaa<333"], "log": "|j|\u2606QSmasher\n|j|\u2606avaaa<333\n|t:|1733840281\n|gametype|singles\n|player|p1|QSmasher|2|1177\n|player|p2|avaaa<333|shadowtriad|1201\n|teamsize|p1|6\n|teamsize|p2|6\n|gen|9\n|tier|[Gen 9] Random Battle\n|rated|\n|rule|Species Clause: Limit one of each Pok\u00e9mon\n|rule|HP Percentage Mod: HP is shown in percentages\n|rule|Sleep Clause Mod: Limit one foe put to sleep\n|rule|Illusion Level Mod: Illusion disguises the Pok\u00e9mon's true level\n|\n|t:|1733840281\n|start\n|switch|p1a: Kommo-o|Kommo-o, L78, M|245/245\n|switch|p2a: Ceruledge|Ceruledge, L78, F|245/245\n|turn|1\n|inactive|Battle timer is ON: inactive players will automatically lose when time's up. (requested by QSmasher)\n|\n|t:|1733840293\n|switch|p1a: Wo-Chien|Wo-Chien, L83|277/277\n|-ability|p1a: Wo-Chien|Tablets of Ruin\n|move|p2a: Ceruledge|Swords Dance|p2a: Ceruledge\n|-boost|p2a: Ceruledge|atk|2\n|\n|upkeep\n|turn|2\n|inactive|avaaa<333 has 120 seconds left.\n|c|\u2606QSmasher|Rand khelna\n|n|\u203dQSmasher|qsmasher\n|c|~|/log QSmasher was locked from talking by Artemis. (\u2606QSmasher: Rand khelna)\n|c|~|/raw <small>This action was done automatically. Want to learn more about the AI? <a href=\"https://www.smogon.com/forums/threads/3570628/#post-9056769\">Visit the information thread</a>.</small>\n|\n|t:|1733840346\n|move|p2a: Ceruledge|Swords Dance|p2a: Ceruledge\n|-boost|p2a: Ceruledge|atk|2\n|move|p1a: Wo-Chien|Leech Seed|p2a: Ceruledge\n|-start|p2a: Ceruledge|move: Leech Seed\n|\n|-damage|p2a: Ceruledge|215/245|[from] Leech Seed|[of] p1a: Wo-Chien\n|upkeep\n|turn|3\n|\n|t:|1733840359\n|move|p1a: Wo-Chien|Protect|p1a: Wo-Chien\n|-singleturn|p1a: Wo-Chien|Protect\n|move|p2a: Ceruledge|Bitter Blade|p1a: Wo-Chien\n|-activate|p1a: Wo-Chien|move: Protect\n|\n|-damage|p2a: Ceruledge|185/245|[from] Leech Seed|[of] p1a: Wo-Chien\n|upkeep\n|turn|4\n|\n|t:|1733840379\n|switch|p1a: Gouging Fire|Gouging Fire, L74|277/277\n|move|p2a: Ceruledge|Bitter Blade|p1a: Gouging Fire\n|-resisted|p1a: Gouging Fire\n|-damage|p1a: Gouging Fire|208/277\n|-heal|p2a: Ceruledge|220/245|[from] drain|[of] p1a: Gouging Fire\n|\n|-damage|p2a: Ceruledge|190/245|[from] Leech Seed|[of] p1a: Gouging Fire\n|-heal|p1a: Gouging Fire|238/277|[silent]\n|upkeep\n|turn|5\n|inactive|avaaa<333 has 120 seconds left.\n|\n|t:|1733840395\n|move|p2a: Ceruledge|Poltergeist|p1a: Gouging Fire\n|-activate|p1a: Gouging Fire|move: Poltergeist|Heavy-Duty Boots\n|-damage|p1a: Gouging Fire|0 fnt\n|faint|p1a: Gouging Fire\n|-end|p1a: Gouging Fire|Protosynthesis|[silent]\n|\n|upkeep\n|\n|t:|1733840401\n|switch|p1a: Volcanion|Volcanion, L79|256/256\n|turn|6\n|inactive|avaaa<333 has 120 seconds left.\n|\n|t:|1733840406\n|move|p2a: Ceruledge|Close Combat|p1a: Volcanion\n|-damage|p1a: Volcanion|44/256\n|-unboost|p2a: Ceruledge|def|1\n|-unboost|p2a: Ceruledge|spd|1\n|move|p1a: Volcanion|Steam Eruption|p2a: Ceruledge\n|-supereffective|p2a: Ceruledge\n|-damage|p2a: Ceruledge|0 fnt\n|faint|p2a: Ceruledge\n|\n|upkeep\n|\n|t:|1733840410\n|switch|p2a: Palafin|Palafin, L77, M|281/281\n|turn|7\n|\n|t:|1733840420\n|detailschange|p2a: Palafin|Palafin-Hero, L77, M\n|switch|p2a: Wo-Chien|Wo-Chien, L83|277/277\n|-ability|p2a: Wo-Chien|Tablets of Ruin\n|move|p1a: Volcanion|Steam Eruption|p2a: Wo-Chien\n|-resisted|p2a: Wo-Chien\n|-damage|p2a: Wo-Chien|230/277\n|\n|-heal|p2a: Wo-Chien|247/277|[from] item: Leftovers\n|upkeep\n|turn|8\n|inactive|avaaa<333 has 120 seconds left.\n|inactive|avaaa<333 has 90 seconds left.\n|l|\u2606avaaa<333\n|inactive|avaaa<333 disconnected and has a minute to reconnect!\n|player|p2|\n|inactive|avaaa<333 has 30 seconds to reconnect!\n|inactive|avaaa<333 has 20 seconds to reconnect!\n|inactive|avaaa<333 has 15 seconds to reconnect!\n|inactive|avaaa<333 has 10 seconds to reconnect!\n|inactive|avaaa<333 has 5 seconds to reconnect!\n|-message|avaaa<333 lost due to inactivity.\n|\n|win|QSmasher\n|inactive|avaaa<333 has 10 seconds left this turn.\n", "inputlog": ">version bfd83cad13791eb5a5a409923076391caf6fb4d4\n>start {\"formatid\":\"gen9randombattle\",\"seed\":[45948,17086,30963,14804],\"rated\":\"Rated battle\"}\n>player p1 {\"name\":\"QSmasher\",\"avatar\":\"2\",\"rating\":1177,\"seed\":[33293,50746,51109,21433]}\n>player p2 {\"name\":\"avaaa<333\",\"avatar\":\"shadowtriad\",\"rating\":1201,\"seed\":[9094,15997,9515,11679]}\n>p1 switch 2\n>p2 move swordsdance\n>chat \u2606QSmasher|Rand khelna\n>p1 move leechseed\n>p2 move swordsdance\n>p1 move protect\n>p2 move bitterblade\n>p1 switch 6\n>p2 move bitterblade\n>p1 move dragondance\n>p2 move poltergeist\n>p1 switch 4\n>p1 move steameruption\n>p2 move closecombat\n>p2 switch 3\n>p1 move steameruption\n>p2 switch 6\n>forcelose p2", "uploadtime": 1733840334, "views": 2, "formatid": "gen9randombattle", "rating": null, "private": 0, "password": null}