{"id": "gen9randombattle-2260786164", "format": "[Gen 9] Random Battle", "players": ["Spigalywoof", "Jluackcoseki"], "log": "|j|\u2606Spigalywoof\n|j|\u2606Jluackcoseki\n|t:|1733891866\n|gametype|singles\n|player|p1|Spigalywoof|rocketgrunt|1562\n|player|p2|Jluackcoseki|266|1636\n|teamsize|p1|6\n|teamsize|p2|6\n|gen|9\n|tier|[Gen 9] Random Battle\n|rated|\n|rule|Species Clause: Limit one of each Pok\u00e9mon\n|rule|HP Percentage Mod: HP is shown in percentages\n|rule|Sleep Clause Mod: Limit one foe put to sleep\n|rule|Illusion Level Mod: Illusion disguises the Pok\u00e9mon's true level\n|\n|t:|1733891866\n|start\n|switch|p1a: Torkoal|Torkoal, L88, F|266/266\n|switch|p2a: Thundurus|Thundurus-Therian, L80, M|258/258\n|-weather|SunnyDay|[from] ability: Drought|[of] p1a: Torkoal\n|turn|1\n|\n|t:|1733891883\n|move|p2a: Thundurus|Nasty Plot|p2a: Thundurus\n|-boost|p2a: Thundurus|spa|2\n|move|p1a: Torkoal|Lava Plume|p2a: Thundurus\n|-damage|p2a: Thundurus|122/258\n|\n|-weather|SunnyDay|[upkeep]\n|upkeep\n|turn|2\n|\n|t:|1733891894\n|move|p2a: Thundurus|Thunderbolt|p1a: Torkoal\n|-damage|p1a: Torkoal|0 fnt\n|faint|p1a: Torkoal\n|\n|-weather|SunnyDay|[upkeep]\n|upkeep\n|\n|t:|1733891904\n|switch|p1a: Dialga|Dialga-Origin, L73|266/266\n|-ability|p1a: Dialga|Pressure\n|turn|3\n|\n|t:|1733891917\n|move|p2a: Thundurus|Focus Blast|p1a: Dialga\n|-supereffective|p1a: Dialga\n|-damage|p1a: Dialga|0 fnt\n|faint|p1a: Dialga\n|\n|-weather|SunnyDay|[upkeep]\n|upkeep\n|-message|Spigalywoof forfeited.\n|\n|win|Jluackcoseki\n|raw|Spigalywoof's rating: 1562 &rarr; <strong>1546</strong><br />(-16 for losing)\n|raw|Jluackcoseki's rating: 1636 &rarr; <strong>1652</strong><br />(+16 for winning)\n", "inputlog": ">version bfd83cad13791eb5a5a409923076391caf6fb4d4\n>start {\"formatid\":\"gen9randombattle\",\"seed\":[57701,7543,16689,41239],\"rated\":\"Rated battle\"}\n>player p1 {\"name\":\"Spigalywoof\",\"avatar\":\"rocketgrunt\",\"rating\":1562,\"seed\":[13978,23355,34023,11907]}\n>player p2 {\"name\":\"Jluackcoseki\",\"avatar\":\"266\",\"rating\":1636,\"seed\":[42208,43216,58965,5378]}\n>p1 move lavaplume\n>p2 move nastyplot\n>p1 move lavaplume\n>p2 move thunderbolt\n>p1 switch 3\n>p1 move dracometeor\n>p2 move focusblast\n>forcelose p1", "uploadtime": 1733891940, "views": 14, "formatid": "gen9randombattle", "rating": 1546, "private": 0, "password": null}