{"id": "gen9randombattle-2260773068", "format": "[Gen 9] Random Battle", "players": ["JashColt", "Surfninja02"], "log": "|j|\u2606JashColt\n|j|\u2606Surfninja02\n|t:|1733889873\n|gametype|singles\n|player|p1|JashColt|101|1488\n|player|p2|Surfninja02|lusamine-nihilego|1451\n|teamsize|p1|6\n|teamsize|p2|6\n|gen|9\n|tier|[Gen 9] Random Battle\n|rated|\n|rule|Species Clause: Limit one of each Pok\u00e9mon\n|rule|HP Percentage Mod: HP is shown in percentages\n|rule|Sleep Clause Mod: Limit one foe put to sleep\n|rule|Illusion Level Mod: Illusion disguises the Pok\u00e9mon's true level\n|\n|t:|1733889873\n|start\n|switch|p1a: Quaquaval|Quaquaval, L79, F|264/264\n|switch|p2a: Drifblim|Drifblim, L86, M|398/398\n|turn|1\n|inactive|Battle timer is ON: inactive players will automatically lose when time's up. (requested by JashColt)\n|inactive|Surfninja02 has 120 seconds left.\n|\n|t:|1733889913\n|-terastallize|p1a: Quaquaval|Water\n|move|p2a: Drifblim|Strength Sap|p1a: Quaquaval\n|-unboost|p1a: Quaquaval|atk|1\n|move|p1a: Quaquaval|Aqua Step|p2a: Drifblim\n|-damage|p2a: Drifblim|247/398\n|-boost|p1a: Quaquaval|spe|1\n|-damage|p1a: Quaquaval|238/264|[from] item: Life Orb\n|\n|upkeep\n|turn|2\n|\n|t:|1733889919\n|move|p1a: Quaquaval|Knock Off|p2a: Drifblim\n|-supereffective|p2a: Drifblim\n|-damage|p2a: Drifblim|49/398\n|-enditem|p2a: Drifblim|Heavy-Duty Boots|[from] move: Knock Off|[of] p1a: Quaquaval\n|-damage|p1a: Quaquaval|212/264|[from] item: Life Orb\n|move|p2a: Drifblim|Strength Sap|p1a: Quaquaval\n|-unboost|p1a: Quaquaval|atk|1\n|-heal|p2a: Drifblim|205/398\n|\n|upkeep\n|turn|3\n|\n|t:|1733889927\n|move|p1a: Quaquaval|Swords Dance|p1a: Quaquaval\n|-boost|p1a: Quaquaval|atk|2\n|move|p2a: Drifblim|Strength Sap|p1a: Quaquaval\n|-unboost|p1a: Quaquaval|atk|1\n|-heal|p2a: Drifblim|398/398\n|\n|upkeep\n|turn|4\n|\n|t:|1733889932\n|move|p1a: Quaquaval|Swords Dance|p1a: Quaquaval\n|-boost|p1a: Quaquaval|atk|2\n|move|p2a: Drifblim|Shadow Ball|p1a: Quaquaval\n|-damage|p1a: Quaquaval|109/264\n|-unboost|p1a: Quaquaval|spd|1\n|\n|upkeep\n|turn|5\n|\n|t:|1733889937\n|move|p1a: Quaquaval|Knock Off|p2a: Drifblim\n|-supereffective|p2a: Drifblim\n|-damage|p2a: Drifblim|91/398\n|-damage|p1a: Quaquaval|83/264|[from] item: Life Orb\n|move|p2a: Drifblim|Strength Sap|p1a: Quaquaval\n|-unboost|p1a: Quaquaval|atk|1\n|-heal|p2a: Drifblim|398/398\n|\n|upkeep\n|turn|6\n|\n|t:|1733889941\n|move|p1a: Quaquaval|Swords Dance|p1a: Quaquaval\n|-boost|p1a: Quaquaval|atk|2\n|move|p2a: Drifblim|Shadow Ball|p1a: Quaquaval\n|-damage|p1a: Quaquaval|0 fnt\n|faint|p1a: Quaquaval\n|\n|upkeep\n|\n|t:|1733889947\n|switch|p1a: Dugtrio|Dugtrio-Alola, L84, M|196/196\n|turn|7\n|\n|t:|1733889954\n|move|p1a: Dugtrio|Stone Edge|p2a: Drifblim|[miss]\n|-miss|p1a: Dugtrio|p2a: Drifblim\n|move|p2a: Drifblim|Strength Sap|p1a: Dugtrio\n|-unboost|p1a: Dugtrio|atk|1\n|\n|upkeep\n|turn|8\n|\n|t:|1733889966\n|switch|p1a: Torterra|Torterra, L78, F|276/276\n|move|p2a: Drifblim|Shadow Ball|p1a: Torterra\n|-damage|p1a: Torterra|182/276\n|-unboost|p1a: Torterra|spd|1\n|\n|upkeep\n|turn|9\n|\n|t:|1733889973\n|move|p2a: Drifblim|Air Slash|p1a: Torterra|[miss]\n|-miss|p2a: Drifblim|p1a: Torterra\n|move|p1a: Torterra|Shell Smash|p1a: Torterra\n|-unboost|p1a: Torterra|def|1\n|-unboost|p1a: Torterra|spd|1\n|-boost|p1a: Torterra|atk|2\n|-boost|p1a: Torterra|spa|2\n|-boost|p1a: Torterra|spe|2\n|\n|upkeep\n|turn|10\n|inactive|JashColt has 120 seconds left.\n|inactive|JashColt has 90 seconds left.\n|inactive|JashColt has 60 seconds left.\n|inactive|JashColt has 30 seconds left.\n|inactive|JashColt has 20 seconds left.\n|inactive|JashColt has 15 seconds left.\n|inactive|JashColt has 10 seconds left.\n|c|\u2606Surfninja02|crazy\n|inactive|JashColt has 5 seconds left.\n|-message|JashColt lost due to inactivity.\n|\n|win|Surfninja02\n|raw|JashColt's rating: 1488 &rarr; <strong>1466</strong><br />(-22 for losing)\n|raw|Surfninja02's rating: 1451 &rarr; <strong>1473</strong><br />(+22 for winning)\n", "inputlog": ">version bfd83cad13791eb5a5a409923076391caf6fb4d4\n>start {\"formatid\":\"gen9randombattle\",\"seed\":[2658,21870,52821,2540],\"rated\":\"Rated battle\"}\n>player p1 {\"name\":\"JashColt\",\"avatar\":\"101\",\"rating\":1488,\"seed\":[28560,13702,1682,25719]}\n>player p2 {\"name\":\"Surfninja02\",\"avatar\":\"lusamine-nihilego\",\"rating\":1451,\"seed\":[3567,17944,40066,27290]}\n>p1 move aquastep terastallize\n>p2 move strengthsap\n>p1 move knockoff\n>p2 move strengthsap\n>p1 move swordsdance\n>p2 move strengthsap\n>p1 move swordsdance\n>p2 move shadowball\n>p1 move knockoff\n>p2 move strengthsap\n>p1 move swordsdance\n>p2 move shadowball\n>p1 switch 5\n>p1 move stoneedge\n>p2 move strengthsap\n>p1 switch 2\n>p2 move shadowball\n>p1 move shellsmash\n>p2 move airslash\n>chat \u2606Surfninja02|crazy\n>forcelose p1", "uploadtime": 1733890129, "views": 12, "formatid": "gen9randombattle", "rating": 1466, "private": 0, "password": null}