{"id": "gen9randombattle-2260451539", "format": "[Gen 9] Random Battle", "players": ["carvikryllex", "pau es gay"], "log": "|j|\u2606carvikryllex\n|j|\u2606pau es gay\n|t:|1733852907\n|gametype|singles\n|player|p1|carvikryllex|102|1324\n|player|p2|pau es gay|265|1284\n|teamsize|p1|6\n|teamsize|p2|6\n|gen|9\n|tier|[Gen 9] Random Battle\n|rated|\n|rule|Species Clause: Limit one of each Pok\u00e9mon\n|rule|HP Percentage Mod: HP is shown in percentages\n|rule|Sleep Clause Mod: Limit one foe put to sleep\n|rule|Illusion Level Mod: Illusion disguises the Pok\u00e9mon's true level\n|\n|t:|1733852908\n|start\n|switch|p1a: Misdreavus|Misdreavus, L90, F|254/254\n|switch|p2a: Cinccino|Cinccino, L83, M|260/260\n|turn|1\n|inactive|Battle timer is ON: inactive players will automatically lose when time's up. (requested by carvikryllex)\n|\n|t:|1733852918\n|move|p2a: Cinccino|Triple Axel|p1a: Misdreavus\n|-damage|p1a: Misdreavus|237/254\n|-damage|p1a: Misdreavus|204/254\n|-damage|p1a: Misdreavus|155/254\n|-hitcount|p1a: Misdreavus|3\n|move|p1a: Misdreavus|Will-O-Wisp|p2a: Cinccino\n|-status|p2a: Cinccino|brn\n|\n|-damage|p2a: Cinccino|244/260 brn|[from] brn\n|upkeep\n|turn|2\n|\n|t:|1733852932\n|move|p2a: Cinccino|U-turn|p1a: Misdreavus\n|-resisted|p1a: Misdreavus\n|-crit|p1a: Misdreavus\n|-damage|p1a: Misdreavus|140/254\n|\n|t:|1733852938\n|switch|p2a: Greninja|Greninja, L80, M|246/246|[from] U-turn\n|move|p1a: Misdreavus|Calm Mind|p1a: Misdreavus\n|-boost|p1a: Misdreavus|spa|1\n|-boost|p1a: Misdreavus|spd|1\n|\n|upkeep\n|turn|3\n|\n|t:|1733852946\n|-terastallize|p1a: Misdreavus|Fairy\n|move|p2a: Greninja|Dark Pulse|p1a: Misdreavus\n|-start|p2a: Greninja|typechange|Dark|[from] ability: Protean\n|-resisted|p1a: Misdreavus\n|-damage|p1a: Misdreavus|114/254\n|move|p1a: Misdreavus|Draining Kiss|p2a: Greninja\n|-supereffective|p2a: Greninja\n|-damage|p2a: Greninja|0 fnt\n|-heal|p1a: Misdreavus|254/254|[from] drain|[of] p2a: Greninja\n|faint|p2a: Greninja\n|\n|upkeep\n|c|\u2606carvikryllex|Thanks\n|c|\u2606pau es gay|mira\n|inactive|pau es gay has 120 seconds left.\n|c|\u2606pau es gay|como me vuelvas a hablar in tu vida de voy a meter un puto cactus por el culo enano gordo de mierda\n|c|\u2606carvikryllex|You gay?\n|c|\u2606pau es gay|acaso sabes leer retrasado\n|inactive|pau es gay has 90 seconds left.\n|c|\u2606carvikryllex|Please play\n|c|\u2606pau es gay|si dece Pau es gay es porque yo no soy gay si no pondria yo soy gay analfabeto de mierda\n|n|\u203dpau es gay|pauesgay\n|c|~|/log pau es gay was locked from talking by Artemis. (\u2606pau es gay: si dece Pau es gay es porque yo no soy gay si no pondria yo soy gay analfabeto de mierda)\n|c|~|/raw <small>This action was done automatically. Want to learn more about the AI? <a href=\"https://www.smogon.com/forums/threads/3570628/#post-9056769\">Visit the information thread</a>.</small>\n|inactive|pau es gay has 60 seconds left.\n|c|\u2606carvikryllex|You scared?\n|inactive|pau es gay has 30 seconds left.\n|inactive|pau es gay has 20 seconds left.\n|inactive|pau es gay has 15 seconds left.\n|inactive|pau es gay has 10 seconds left.\n|inactive|pau es gay has 5 seconds left.\n|\n|t:|1733853092\n|switch|p2a: Froslass|Froslass, L87, F|263/263\n|turn|4\n|inactive|pau es gay has 15 seconds left this turn.\n|inactive|pau es gay has 10 seconds left.\n|\n|t:|1733853107\n|move|p2a: Froslass|Poltergeist|p1a: Misdreavus\n|-activate|p1a: Misdreavus|move: Poltergeist|Eviolite\n|-damage|p1a: Misdreavus|170/254\n|move|p1a: Misdreavus|Shadow Ball|p2a: Froslass\n|-supereffective|p2a: Froslass\n|-crit|p2a: Froslass\n|-damage|p2a: Froslass|0 fnt\n|faint|p2a: Froslass\n|\n|upkeep\n|inactive|pau es gay has 15 seconds left this turn.\n|inactive|pau es gay has 10 seconds left.\n|inactive|pau es gay has 5 seconds left.\n|-message|pau es gay lost due to inactivity.\n|\n|win|carvikryllex\n", "inputlog": ">version bfd83cad13791eb5a5a409923076391caf6fb4d4\n>start {\"formatid\":\"gen9randombattle\",\"seed\":[33331,7626,12924,16698],\"rated\":\"Rated battle\"}\n>player p1 {\"name\":\"carvikryllex\",\"avatar\":\"102\",\"rating\":1324,\"seed\":[11167,13528,4549,44839]}\n>player p2 {\"name\":\"pau es gay\",\"avatar\":\"265\",\"rating\":1284,\"seed\":[65491,21145,55335,26328]}\n>p1 move willowisp\n>p2 move tripleaxel\n>p1 move calmmind\n>p2 move uturn\n>p2 switch 3\n>p1 move drainingkiss terastallize\n>p2 move darkpulse\n>chat \u2606carvikryllex|Thanks\n>chat \u2606pau es gay|mira\n>chat \u2606pau es gay|como me vuelvas a hablar in tu vida de voy a meter un puto cactus por el culo enano gordo de mierda\n>chat \u2606carvikryllex|You gay?\n>chat \u2606pau es gay|acaso sabes leer retrasado\n>chat \u2606carvikryllex|Please play\n>chat \u2606pau es gay|si dece Pau es gay es porque yo no soy gay si no pondria yo soy gay analfabeto de mierda\n>chat \u2606carvikryllex|You scared?\n>p2 switch 5\n>p1 move shadowball\n>p2 move poltergeist\n>forcelose p2", "uploadtime": 1733852985, "views": 1, "formatid": "gen9randombattle", "rating": null, "private": 0, "password": null}