{"id": "gen9randombattle-2230351299", "format": "[Gen 9] Random Battle", "players": ["MichaelderBeste2", "bobbybs"], "log": "|badge|p1|gold|gen9randombattle|3-3\n|uhtml|medal-msg|<div class=\"broadcast-blue\">Curious what those medals under the avatar are? PS now has Ladder Seasons! For more information, check out the <a href=\"https://www.smogon.com/forums/threads/3740067/\">thread on Smogon.</a></div>\n|badge|p2|gold|gen9randombattle|3-3\n|uhtml|medal-msg|<div class=\"broadcast-blue\">Curious what those medals under the avatar are? PS now has Ladder Seasons! For more information, check out the <a href=\"https://www.smogon.com/forums/threads/3740067/\">thread on Smogon.</a></div>\n|j|\u2606MichaelderBeste2\n|j|\u2606bobbybs\n|t:|1729819237\n|gametype|singles\n|player|p1|MichaelderBeste2|#scl4islanders2|2563\n|player|p2|bobbybs|170|2523\n|teamsize|p1|6\n|teamsize|p2|6\n|gen|9\n|tier|[Gen 9] Random Battle\n|rated|\n|rule|Species Clause: Limit one of each Pok\u00e9mon\n|rule|HP Percentage Mod: HP is shown in percentages\n|rule|Sleep Clause Mod: Limit one foe put to sleep\n|rule|Illusion Level Mod: Illusion disguises the Pok\u00e9mon's true level\n|\n|t:|1729819237\n|start\n|switch|p1a: Dudunsparce|Dudunsparce, L83, M|343/343\n|switch|p2a: Tyranitar|Tyranitar, L79, F|288/288\n|-weather|Sandstorm|[from] ability: Sand Stream|[of] p2a: Tyranitar\n|turn|1\n|inactive|Battle timer is ON: inactive players will automatically lose when time's up. (requested by MichaelderBeste2)\n|\n|t:|1729819315\n|switch|p1a: Klawf|Klawf, L90, M|272/272\n|move|p2a: Tyranitar|Stone Edge|p1a: Klawf\n|-damage|p1a: Klawf|182/272\n|\n|-weather|Sandstorm|[upkeep]\n|upkeep\n|turn|2\n|inactive|bobbybs has 120 seconds left.\n|inactive|bobbybs has 90 seconds left.\n|\n|t:|1729819402\n|switch|p2a: Heatran|Heatran, L79, M|273/273\n|-item|p2a: Heatran|Air Balloon\n|move|p1a: Klawf|Stealth Rock|p2a: Heatran\n|-sidestart|p2: bobbybs|move: Stealth Rock\n|\n|-weather|Sandstorm|[upkeep]\n|upkeep\n|turn|3\n|inactive|bobbybs has 60 seconds left.\n|\n|t:|1729819422\n|move|p1a: Klawf|Crabhammer|p2a: Heatran\n|-supereffective|p2a: Heatran\n|-crit|p2a: Heatran\n|-damage|p2a: Heatran|0 fnt\n|-enditem|p2a: Heatran|Air Balloon\n|faint|p2a: Heatran\n|-damage|p1a: Klawf|155/272|[from] item: Life Orb\n|\n|-weather|Sandstorm|[upkeep]\n|upkeep\n|inactive|bobbybs has 60 seconds left.\n|inactive|bobbybs has 30 seconds left.\n|inactive|bobbybs has 20 seconds left.\n|inactive|bobbybs has 15 seconds left.\n|\n|t:|1729819477\n|switch|p2a: Grafaiai|Grafaiai, L86, M|249/249\n|-damage|p2a: Grafaiai|218/249|[from] Stealth Rock\n|turn|4\n|inactive|bobbybs has 25 seconds left this turn.\n|inactive|bobbybs has 20 seconds left.\n|inactive|bobbybs has 15 seconds left.\n|j| PokeChess\n|inactive|bobbybs has 10 seconds left.\n|\n|t:|1729819493\n|switch|p1a: Toxapex|Toxapex, L82, M|216/216\n|move|p2a: Grafaiai|Knock Off|p1a: Toxapex\n|-damage|p1a: Toxapex|158/216\n|-enditem|p1a: Toxapex|Leftovers|[from] move: Knock Off|[of] p2a: Grafaiai\n|-damage|p2a: Grafaiai|194/249|[from] item: Life Orb\n|\n|-weather|Sandstorm|[upkeep]\n|-damage|p2a: Grafaiai|179/249|[from] Sandstorm\n|-damage|p1a: Toxapex|145/216|[from] Sandstorm\n|upkeep\n|turn|5\n|inactive|bobbybs has 20 seconds left this turn.\n|inactive|bobbybs has 15 seconds left.\n|inactive|bobbybs has 10 seconds left.\n|\n|t:|1729819506\n|switch|p2a: Palafin|Palafin, L77, M|281/281\n|-damage|p2a: Palafin|246/281|[from] Stealth Rock\n|move|p1a: Toxapex|Liquidation|p2a: Palafin\n|-resisted|p2a: Palafin\n|-damage|p2a: Palafin|208/281\n|-unboost|p2a: Palafin|def|1\n|\n|-weather|none\n|-heal|p2a: Palafin|225/281|[from] item: Leftovers\n|upkeep\n|turn|6\n|inactive|bobbybs has 20 seconds left this turn.\n|inactive|bobbybs has 15 seconds left.\n|inactive|bobbybs has 10 seconds left.\n|inactive|bobbybs has 5 seconds left.\n|\n|t:|1729819522\n|detailschange|p2a: Palafin|Palafin-Hero, L77, M\n|switch|p2a: Flapple|Flapple, L88, M|266/266\n|-damage|p2a: Flapple|233/266|[from] Stealth Rock\n|move|p1a: Toxapex|Liquidation|p2a: Flapple\n|-resisted|p2a: Flapple\n|-damage|p2a: Flapple|218/266\n|\n|upkeep\n|turn|7\n|inactive|bobbybs has 15 seconds left this turn.\n|\n|t:|1729819527\n|switch|p1a: Glastrier|Glastrier, L86|312/312\n|move|p2a: Flapple|Dragon Dance|p2a: Flapple\n|-boost|p2a: Flapple|atk|1\n|-boost|p2a: Flapple|spe|1\n|\n|upkeep\n|turn|8\n|inactive|bobbybs has 25 seconds left this turn.\n|inactive|bobbybs has 20 seconds left.\n|inactive|bobbybs has 15 seconds left.\n|\n|t:|1729819540\n|move|p2a: Flapple|Outrage|p1a: Glastrier\n|-damage|p1a: Glastrier|83/312\n|move|p1a: Glastrier|Icicle Crash|p2a: Flapple\n|-supereffective|p2a: Flapple\n|-damage|p2a: Flapple|0 fnt\n|faint|p2a: Flapple\n|-ability|p1a: Glastrier|Chilling Neigh|boost\n|-boost|p1a: Glastrier|atk|1\n|\n|upkeep\n|inactive|bobbybs has 20 seconds left this turn.\n|inactive|bobbybs has 15 seconds left.\n|inactive|bobbybs has 10 seconds left.\n|\n|t:|1729819552\n|switch|p2a: Palafin|Palafin-Hero, L77, M|225/281\n|-damage|p2a: Palafin|190/281|[from] Stealth Rock\n|-activate|p2a: Palafin|ability: Zero to Hero\n|turn|9\n|inactive|bobbybs has 20 seconds left this turn.\n|inactive|bobbybs has 15 seconds left.\n|\n|t:|1729819558\n|switch|p1a: Toxapex|Toxapex, L82, M|216/216\n|move|p2a: Palafin|Close Combat|p1a: Toxapex\n|-resisted|p1a: Toxapex\n|-damage|p1a: Toxapex|180/216\n|-unboost|p2a: Palafin|def|1\n|-unboost|p2a: Palafin|spd|1\n|\n|-heal|p2a: Palafin|207/281|[from] item: Leftovers\n|upkeep\n|turn|10\n|inactive|bobbybs has 25 seconds left this turn.\n|\n|t:|1729819562\n|switch|p2a: Lapras|Lapras, L87, M|367/367\n|-damage|p2a: Lapras|276/367|[from] Stealth Rock\n|move|p1a: Toxapex|Toxic|p2a: Lapras\n|-status|p2a: Lapras|tox\n|\n|-damage|p2a: Lapras|254/367 tox|[from] psn\n|upkeep\n|turn|11\n|inactive|bobbybs has 30 seconds left.\n|\n|t:|1729819568\n|switch|p1a: Dudunsparce|Dudunsparce, L83, M|343/343\n|move|p2a: Lapras|Freeze-Dry|p1a: Dudunsparce\n|-damage|p1a: Dudunsparce|225/343\n|\n|-heal|p1a: Dudunsparce|246/343|[from] item: Leftovers\n|-damage|p2a: Lapras|210/367 tox|[from] psn\n|upkeep\n|turn|12\n|inactive|bobbybs has 30 seconds left.\n|\n|t:|1729819586\n|switch|p2a: Tyranitar|Tyranitar, L79, F|288/288\n|-damage|p2a: Tyranitar|252/288|[from] Stealth Rock\n|-weather|Sandstorm|[from] ability: Sand Stream|[of] p2a: Tyranitar\n|move|p1a: Dudunsparce|Calm Mind|p1a: Dudunsparce\n|-boost|p1a: Dudunsparce|spa|1\n|-boost|p1a: Dudunsparce|spd|1\n|\n|-weather|Sandstorm|[upkeep]\n|-damage|p1a: Dudunsparce|225/343|[from] Sandstorm\n|-heal|p1a: Dudunsparce|246/343|[from] item: Leftovers\n|upkeep\n|turn|13\n|inactive|bobbybs has 30 seconds left.\n|\n|t:|1729819596\n|move|p2a: Tyranitar|Knock Off|p1a: Dudunsparce\n|-damage|p1a: Dudunsparce|120/343\n|-ability|p1a: Dudunsparce|Rattled|boost\n|-boost|p1a: Dudunsparce|spe|1\n|-enditem|p1a: Dudunsparce|Leftovers|[from] move: Knock Off|[of] p2a: Tyranitar\n|move|p1a: Dudunsparce|Roost|p1a: Dudunsparce\n|-heal|p1a: Dudunsparce|292/343\n|-singleturn|p1a: Dudunsparce|move: Roost\n|\n|-weather|Sandstorm|[upkeep]\n|-damage|p1a: Dudunsparce|271/343|[from] Sandstorm\n|upkeep\n|turn|14\n|j| Ichhh Gu\n|\n|t:|1729819599\n|move|p1a: Dudunsparce|Earth Power|p2a: Tyranitar\n|-supereffective|p2a: Tyranitar\n|-damage|p2a: Tyranitar|178/288\n|-unboost|p2a: Tyranitar|spd|1\n|move|p2a: Tyranitar|Stone Edge|p1a: Dudunsparce\n|-damage|p1a: Dudunsparce|145/343\n|\n|-weather|Sandstorm|[upkeep]\n|-damage|p1a: Dudunsparce|124/343|[from] Sandstorm\n|upkeep\n|turn|15\n|inactive|bobbybs has 30 seconds left.\n|\n|t:|1729819622\n|move|p1a: Dudunsparce|Roost|p1a: Dudunsparce\n|-heal|p1a: Dudunsparce|296/343\n|-singleturn|p1a: Dudunsparce|move: Roost\n|move|p2a: Tyranitar|Stone Edge|p1a: Dudunsparce\n|-damage|p1a: Dudunsparce|155/343\n|\n|-weather|Sandstorm|[upkeep]\n|-damage|p1a: Dudunsparce|134/343|[from] Sandstorm\n|upkeep\n|turn|16\n|inactive|bobbybs has 30 seconds left.\n|\n|t:|1729819636\n|move|p1a: Dudunsparce|Roost|p1a: Dudunsparce\n|-heal|p1a: Dudunsparce|306/343\n|-singleturn|p1a: Dudunsparce|move: Roost\n|move|p2a: Tyranitar|Stone Edge|p1a: Dudunsparce|[miss]\n|-miss|p2a: Tyranitar|p1a: Dudunsparce\n|\n|-weather|none\n|upkeep\n|turn|17\n|\n|t:|1729819642\n|move|p1a: Dudunsparce|Earth Power|p2a: Tyranitar\n|-supereffective|p2a: Tyranitar\n|-damage|p2a: Tyranitar|18/288\n|move|p2a: Tyranitar|Stone Edge|p1a: Dudunsparce|[miss]\n|-miss|p2a: Tyranitar|p1a: Dudunsparce\n|\n|upkeep\n|turn|18\n|\n|t:|1729819646\n|move|p1a: Dudunsparce|Boomburst|p2a: Tyranitar\n|-resisted|p2a: Tyranitar\n|-damage|p2a: Tyranitar|0 fnt\n|faint|p2a: Tyranitar\n|\n|upkeep\n|\n|t:|1729819659\n|switch|p2a: Grafaiai|Grafaiai, L86, M|179/249\n|-damage|p2a: Grafaiai|148/249|[from] Stealth Rock\n|turn|19\n|\n|t:|1729819665\n|move|p2a: Grafaiai|Low Kick|p1a: Dudunsparce\n|-supereffective|p1a: Dudunsparce\n|-damage|p1a: Dudunsparce|184/343\n|-status|p1a: Dudunsparce|psn|[from] ability: Poison Touch|[of] p2a: Grafaiai\n|-damage|p2a: Grafaiai|124/249|[from] item: Life Orb\n|move|p1a: Dudunsparce|Boomburst|p2a: Grafaiai\n|-damage|p2a: Grafaiai|0 fnt\n|faint|p2a: Grafaiai\n|\n|-damage|p1a: Dudunsparce|142/343 psn|[from] psn\n|upkeep\n|j| inoion\n|\n|t:|1729819668\n|switch|p2a: Palafin|Palafin-Hero, L77, M|207/281\n|-damage|p2a: Palafin|172/281|[from] Stealth Rock\n|turn|20\n|\n|t:|1729819679\n|move|p2a: Palafin|Jet Punch|p1a: Dudunsparce\n|-damage|p1a: Dudunsparce|55/343 psn\n|move|p1a: Dudunsparce|Boomburst|p2a: Palafin\n|-damage|p2a: Palafin|0 fnt\n|faint|p2a: Palafin\n|\n|-damage|p1a: Dudunsparce|13/343 psn|[from] psn\n|upkeep\n|\n|t:|1729819682\n|switch|p2a: Lapras|Lapras, L87, M|210/367 tox\n|-damage|p2a: Lapras|119/367 tox|[from] Stealth Rock\n|turn|21\n|\n|t:|1729819686\n|move|p1a: Dudunsparce|Boomburst|p2a: Lapras\n|-damage|p2a: Lapras|0 fnt\n|faint|p2a: Lapras\n|\n|win|MichaelderBeste2\n|raw|MichaelderBeste2's rating: 2563 &rarr; <strong>2581</strong><br />(+18 for winning)\n|raw|bobbybs's rating: 2523 &rarr; <strong>2505</strong><br />(-18 for losing)\n|l|\u2606MichaelderBeste2\n|player|p1|\n|l| Ichhh Gu\n|l| inoion\n", "inputlog": ">version f848a9fd958ec8f1ca6a9f7c452a4b12c3110db6\n>start {\"formatid\":\"gen9randombattle\",\"seed\":[16489,57927,6773,10764],\"rated\":\"Rated battle\"}\n>player p1 {\"name\":\"MichaelderBeste2\",\"avatar\":\"#scl4islanders2\",\"rating\":2563,\"seed\":[29735,18993,64709,30951]}\n>player p2 {\"name\":\"bobbybs\",\"avatar\":\"170\",\"rating\":2523,\"seed\":[44870,27492,37976,34419]}\n>p1 switch 5\n>p2 move stoneedge\n>p1 move stealthrock\n>p2 switch 6\n>p1 move crabhammer\n>p2 move stealthrock\n>p2 switch 3\n>p1 switch 4\n>p2 move knockoff\n>p1 move liquidation\n>p2 switch 4\n>p1 move liquidation\n>p2 switch 2\n>p1 switch 2\n>p2 move dragondance\n>p1 move iciclecrash\n>p2 move outrage\n>p2 switch 2\n>p1 switch 2\n>p2 move closecombat\n>p1 move toxic\n>p2 switch 5\n>p1 switch 5\n>p2 move freezedry\n>p1 move calmmind\n>p2 switch 6\n>p1 move roost\n>p2 move knockoff\n>p1 move earthpower\n>p2 move stoneedge\n>p1 move roost\n>p2 move stoneedge\n>p1 move roost\n>p2 move stoneedge\n>p1 move earthpower\n>p2 move stoneedge\n>p1 move boomburst\n>p2 move stoneedge\n>p2 switch 4\n>p1 move boomburst\n>p2 move lowkick\n>p2 switch 5\n>p1 move boomburst\n>p2 move jetpunch\n>p2 switch 6\n>p1 move boomburst\n>p2 move freezedry", "uploadtime": 1729819831, "views": 60, "formatid": "gen9randombattle", "rating": 2505, "private": 0, "password": null}