{"id": "gen9randombattle-2259957861", "format": "[Gen 9] Random Battle", "players": ["itskana", "12tacos12"], "log": "|j|\u2606itskana\n|j|\u260612tacos12\n|t:|1733784252\n|gametype|singles\n|player|p1|itskana|lady|1215\n|player|p2|12tacos12|169|1173\n|teamsize|p1|6\n|teamsize|p2|6\n|gen|9\n|tier|[Gen 9] Random Battle\n|rated|\n|rule|Species Clause: Limit one of each Pok\u00e9mon\n|rule|HP Percentage Mod: HP is shown in percentages\n|rule|Sleep Clause Mod: Limit one foe put to sleep\n|rule|Illusion Level Mod: Illusion disguises the Pok\u00e9mon's true level\n|\n|t:|1733784252\n|start\n|switch|p1a: Muk|Muk, L86, F|321/321\n|switch|p2a: Tatsugiri|Tatsugiri-Stretchy, L87, F|238/238\n|turn|1\n|inactive|Battle timer is ON: inactive players will automatically lose when time's up. (requested by itskana)\n|\n|t:|1733784260\n|move|p2a: Tatsugiri|Psychic|p1a: Muk\n|-supereffective|p1a: Muk\n|-damage|p1a: Muk|204/321\n|-damage|p2a: Tatsugiri|215/238|[from] item: Life Orb\n|move|p1a: Muk|Gunk Shot|p2a: Tatsugiri\n|-damage|p2a: Tatsugiri|41/238\n|-status|p2a: Tatsugiri|psn\n|replace|p2a: Zoroark|Zoroark, L84, F\n|-end|p2a: Zoroark|Illusion\n|-hint|Illusion Level Mod is active, so this Pok\u00e9mon's true level was hidden.\n|\n|-damage|p2a: Zoroark|12/238 psn|[from] psn\n|upkeep\n|turn|2\n|\n|t:|1733784277\n|switch|p1a: Banette|Banette, L93, F|270/270\n|move|p2a: Zoroark|Psychic|p1a: Banette\n|-damage|p1a: Banette|160/270\n|-damage|p2a: Zoroark|0 fnt|[from] item: Life Orb\n|faint|p2a: Zoroark\n|\n|upkeep\n|\n|t:|1733784283\n|switch|p2a: Greninja|Greninja, L80, M|246/246\n|turn|3\n|\n|t:|1733784289\n|move|p2a: Greninja|Dark Pulse|p1a: Banette\n|-supereffective|p1a: Banette\n|-damage|p1a: Banette|0 fnt\n|-start|p2a: Greninja|Disable|Dark Pulse|[from] ability: Cursed Body|[of] p1a: Banette\n|faint|p1a: Banette\n|-ability|p2a: Greninja|Battle Bond|boost\n|-boost|p2a: Greninja|atk|1\n|-boost|p2a: Greninja|spa|1\n|-boost|p2a: Greninja|spe|1\n|-activate|p2a: Greninja|ability: Battle Bond\n|-damage|p2a: Greninja|222/246|[from] item: Life Orb\n|\n|upkeep\n|\n|t:|1733784304\n|switch|p1a: Rillaboom|Rillaboom, L79, M|288/288\n|-fieldstart|move: Grassy Terrain|[from] ability: Grassy Surge|[of] p1a: Rillaboom\n|turn|4\n|inactive|12tacos12 has 120 seconds left.\n|c|\u260612tacos12|!stats rillaboom\n|raw|<div class=\"message\"><ul class=\"utilichart\"><li class=\"result\"><span class=\"col numcol\">OU</span> <span class=\"col iconcol\"><psicon pokemon=\"rillaboom\"/></span> <span class=\"col pokemonnamecol\" style=\"white-space:nowrap\"><a href=\"https://dex.pokemonshowdown.com/pokemon/rillaboom\" target=\"_blank\">Rillaboom</a></span> <span class=\"col typecol\"><img src=\"https://play.pokemonshowdown.com/sprites/types/Grass.png\" alt=\"Grass\" height=\"14\" width=\"32\"></span> <span style=\"float:left;min-height:26px\"><span class=\"col abilitycol\">Overgrow</span><span class=\"col abilitycol\"><em>Grassy Surge</em></span></span><span style=\"float:left;min-height:26px\"><span class=\"col statcol\"><em>HP</em><br />100</span> <span class=\"col statcol\"><em>Atk</em><br />125</span> <span class=\"col statcol\"><em>Def</em><br />90</span> <span class=\"col statcol\"><em>SpA</em><br />60</span> <span class=\"col statcol\"><em>SpD</em><br />70</span> <span class=\"col statcol\"><em>Spe</em><br />85</span> <span class=\"col bstcol\"><em>BST<br />530</em></span> </span></li><li style=\"clear:both\"></li></ul></div>\n\n|\n|t:|1733784347\n|move|p1a: Rillaboom|Grassy Glide|p2a: Greninja\n|-supereffective|p2a: Greninja\n|-damage|p2a: Greninja|0 fnt\n|faint|p2a: Greninja\n|\n|upkeep\n|c|\u260612tacos12|oh shii\n|\n|t:|1733784356\n|switch|p2a: Glastrier|Glastrier, L86|312/312\n|turn|5\n|\n|t:|1733784362\n|switch|p1a: Iron Crown|Iron Crown, L78|268/268\n|move|p2a: Glastrier|Icicle Crash|p1a: Iron Crown\n|-resisted|p1a: Iron Crown\n|-damage|p1a: Iron Crown|199/268\n|\n|-heal|p1a: Iron Crown|215/268|[from] Grassy Terrain\n|-heal|p1a: Iron Crown|231/268|[from] item: Leftovers\n|upkeep\n|turn|6\n|c|\u2606itskana|<3\n|c|\u260612tacos12|grassy surg mf\n|inactive|12tacos12 has 120 seconds left.\n|c|\u260612tacos12|nah don't give me that\n|c|\u260612tacos12|i don't wanna see that\n|c|\u260612tacos12|my wife just left me\n|c|\u260612tacos12|my kids hate me\n|c|\u2606itskana|<3\n|\n|t:|1733784389\n|move|p1a: Iron Crown|Tachyon Cutter|p2a: Glastrier\n|-supereffective|p2a: Glastrier\n|-damage|p2a: Glastrier|216/312\n|-supereffective|p2a: Glastrier\n|-damage|p2a: Glastrier|118/312\n|-hitcount|p2a: Glastrier|2\n|move|p2a: Glastrier|Close Combat|p1a: Iron Crown\n|-damage|p1a: Iron Crown|101/268\n|-unboost|p2a: Glastrier|def|1\n|-unboost|p2a: Glastrier|spd|1\n|\n|-heal|p1a: Iron Crown|117/268|[from] Grassy Terrain\n|-heal|p1a: Iron Crown|133/268|[from] item: Leftovers\n|-heal|p2a: Glastrier|137/312|[from] Grassy Terrain\n|upkeep\n|turn|7\n|c|\u2606itskana|wait\n|c|\u2606itskana|who\n|c|\u260612tacos12|useless\n|\n|t:|1733784413\n|move|p1a: Iron Crown|Tachyon Cutter|p2a: Glastrier\n|-supereffective|p2a: Glastrier\n|-damage|p2a: Glastrier|5/312\n|-supereffective|p2a: Glastrier\n|-damage|p2a: Glastrier|0 fnt\n|faint|p2a: Glastrier\n|-hitcount|p2: Glastrier|2\n|\n|-heal|p1a: Iron Crown|149/268|[from] Grassy Terrain\n|-heal|p1a: Iron Crown|165/268|[from] item: Leftovers\n|upkeep\n|c|\u2606itskana|who???\n|inactive|12tacos12 has 90 seconds left.\n|c|\u260612tacos12|who\n|c|\u260612tacos12|wym\n|c|\u2606itskana|who asked smh\n|c|\u260612tacos12|hahahaha\n|c|\u2606itskana|<3\n|inactive|12tacos12 has 60 seconds left.\n|\n|t:|1733784457\n|switch|p2a: Pikachu|Pikachu-Alola, L93, M|216/216\n|turn|8\n|inactive|12tacos12 has 60 seconds left.\n|\n|t:|1733784469\n|move|p2a: Pikachu|Volt Tackle|p1a: Iron Crown\n|-damage|p1a: Iron Crown|0 fnt\n|faint|p1a: Iron Crown\n|-end|p1a: Iron Crown|Quark Drive|[silent]\n|-damage|p2a: Pikachu|162/216|[from] Recoil\n|\n|-heal|p2a: Pikachu|175/216|[from] Grassy Terrain\n|-fieldend|move: Grassy Terrain\n|upkeep\n|c|\u2606itskana|iron crown is so trash\n|c|\u2606itskana|hey\n|c|\u260612tacos12|you're face is so trash\n|c|\u2606itskana|guess who it is\n|\n|t:|1733784484\n|switch|p1a: Rillaboom|Rillaboom, L79, M|288/288\n|-fieldstart|move: Grassy Terrain|[from] ability: Grassy Surge|[of] p1a: Rillaboom\n|turn|9\n|c|\u260612tacos12|your\n|c|\u2606itskana|your*\n|n|!12tacos12|12tacos12\n|inactive|12tacos12 has 60 seconds left.\n|\n|t:|1733784508\n|switch|p2a: Tatsugiri|Tatsugiri-Stretchy, L87, F|260/260\n|move|p1a: Rillaboom|Grassy Glide|p2a: Tatsugiri\n|-damage|p2a: Tatsugiri|106/260\n|\n|-heal|p2a: Tatsugiri|122/260|[from] Grassy Terrain\n|upkeep\n|turn|10\n|inactive|12tacos12 has 60 seconds left.\n|c|\u2606itskana|cringe sushi\n|\n|t:|1733784520\n|move|p1a: Rillaboom|Grassy Glide|p2a: Tatsugiri\n|-damage|p2a: Tatsugiri|0 fnt\n|faint|p2a: Tatsugiri\n|\n|upkeep\n|\n|t:|1733784523\n|switch|p2a: Jumpluff|Jumpluff, L87, F|271/271\n|turn|11\n|\n|t:|1733784530\n|switch|p1a: Muk|Muk, L86, F|204/321\n|move|p2a: Jumpluff|Acrobatics|p1a: Muk\n|-damage|p1a: Muk|107/321\n|\n|-heal|p1a: Muk|127/321|[from] Grassy Terrain\n|upkeep\n|turn|12\n|c|\u2606itskana|look\n|c|\u2606itskana|its you\n|\n|t:|1733784540\n|move|p2a: Jumpluff|Sleep Powder|p1a: Muk\n|-status|p1a: Muk|slp|[from] move: Sleep Powder\n|cant|p1a: Muk|slp\n|\n|-heal|p1a: Muk|147/321 slp|[from] Grassy Terrain\n|upkeep\n|turn|13\n|\n|t:|1733784546\n|move|p2a: Jumpluff|Acrobatics|p1a: Muk\n|-damage|p1a: Muk|54/321 slp\n|-curestatus|p1a: Muk|slp|[msg]\n|move|p1a: Muk|Gunk Shot|p2a: Jumpluff\n|-supereffective|p2a: Jumpluff\n|-damage|p2a: Jumpluff|0 fnt\n|faint|p2a: Jumpluff\n|\n|-heal|p1a: Muk|74/321|[from] Grassy Terrain\n|-fieldend|move: Grassy Terrain\n|upkeep\n|\n|t:|1733784552\n|switch|p2a: Pikachu|Pikachu-Alola, L93, M|175/216\n|turn|14\n|\n|t:|1733784559\n|move|p2a: Pikachu|Volt Tackle|p1a: Muk\n|-damage|p1a: Muk|0 fnt\n|faint|p1a: Muk\n|-damage|p2a: Pikachu|151/216|[from] Recoil\n|\n|upkeep\n|\n|t:|1733784566\n|switch|p1a: Rillaboom|Rillaboom, L79, M|288/288\n|-fieldstart|move: Grassy Terrain|[from] ability: Grassy Surge|[of] p1a: Rillaboom\n|turn|15\n|c|\u2606itskana|lookie whos here to finish the game\n|\n|t:|1733784575\n|move|p1a: Rillaboom|Grassy Glide|p2a: Pikachu\n|-damage|p2a: Pikachu|0 fnt\n|faint|p2a: Pikachu\n|\n|win|itskana\n", "inputlog": ">version bfd83cad13791eb5a5a409923076391caf6fb4d4\n>start {\"formatid\":\"gen9randombattle\",\"seed\":[5200,34601,26081,24815],\"rated\":\"Rated battle\"}\n>player p1 {\"name\":\"itskana\",\"avatar\":\"lady\",\"rating\":1215,\"seed\":[34289,15911,56457,54784]}\n>player p2 {\"name\":\"12tacos12\",\"avatar\":\"169\",\"rating\":1173,\"seed\":[36433,14384,33084,44656]}\n>p1 move gunkshot\n>p2 move psychic\n>p1 switch 2\n>p2 move psychic\n>p2 switch 4\n>p1 move thunderwave\n>p2 move darkpulse\n>p1 switch 4\n>chat \u260612tacos12|!stats rillaboom\n>p1 move grassyglide\n>p2 move icebeam\n>chat \u260612tacos12|oh shii\n>p2 switch 5\n>p1 switch 5\n>p2 move iciclecrash\n>chat \u2606itskana|<3\n>chat \u260612tacos12|grassy surg mf\n>chat \u260612tacos12|nah don't give me that\n>chat \u260612tacos12|i don't wanna see that\n>chat \u260612tacos12|my wife just left me\n>chat \u260612tacos12|my kids hate me\n>chat \u2606itskana|<3\n>p1 move tachyoncutter\n>p2 move closecombat\n>chat \u2606itskana|wait\n>chat \u2606itskana|who\n>chat \u260612tacos12|useless \n>p1 move tachyoncutter\n>p2 move closecombat\n>chat \u2606itskana|who???\n>chat \u260612tacos12|who\n>chat \u260612tacos12|wym\n>chat \u2606itskana|who asked smh\n>chat \u260612tacos12|hahahaha\n>chat \u2606itskana|<3\n>p2 switch 3\n>p1 move tachyoncutter\n>p2 move volttackle\n>chat \u2606itskana|iron crown is so trash\n>chat \u2606itskana|hey\n>chat \u260612tacos12|you're face is so trash\n>chat \u2606itskana|guess who it is\n>p1 switch 5\n>chat \u260612tacos12|your\n>chat \u2606itskana|your*\n>chat \u260612tacos12|oh fuck off\n>p1 move grassyglide\n>p2 switch 6\n>chat \u2606itskana|cringe sushi\n>p1 move grassyglide\n>p2 move dracometeor\n>p2 switch 2\n>p1 switch 2\n>p2 move acrobatics\n>chat \u2606itskana|look\n>chat \u2606itskana|its you\n>p1 move gunkshot\n>p2 move sleeppowder\n>p1 move gunkshot\n>p2 move acrobatics\n>p2 switch 6\n>p1 move knockoff\n>p2 move volttackle\n>p1 switch 2\n>chat \u2606itskana|lookie whos here to finish the game\n>p1 move grassyglide\n>p2 move knockoff", "uploadtime": 1733784489, "views": 1, "formatid": "gen9randombattle", "rating": null, "private": 0, "password": null}