{"id": "gen9randombattle-2066740102", "format": "[Gen 9] Random Battle", "players": ["Iceman8911", "pokeblade\u2606101"], "log": "|j|\u2606Iceman8911\n|j|\u2606pokeblade\u2606101\n|t:|1708797167\n|gametype|singles\n|player|p1|Iceman8911|lysandre-masters|2289\n|player|p2|pokeblade\u2606101|#rbtt7teamchiyu|2326\n|teamsize|p1|6\n|teamsize|p2|6\n|gen|9\n|tier|[Gen 9] Random Battle\n|rated|\n|rule|Species Clause: Limit one of each Pok\u00e9mon\n|rule|HP Percentage Mod: HP is shown in percentages\n|rule|Sleep Clause Mod: Limit one foe put to sleep\n|rule|Illusion Level Mod: Illusion disguises the Pok\u00e9mon's true level\n|\n|t:|1708797167\n|start\n|switch|p1a: Frosmoth|Frosmoth, L83, F|252/252\n|switch|p2a: Gogoat|Gogoat, L88, F|360/360\n|turn|1\n|inactive|Battle timer is ON: inactive players will automatically lose when time's up. (requested by Iceman8911)\n|\n|t:|1708797189\n|switch|p2a: Dialga|Dialga, L74|270/270\n|-ability|p2a: Dialga|Pressure\n|move|p1a: Frosmoth|Bug Buzz|p2a: Dialga\n|-resisted|p2a: Dialga\n|-damage|p2a: Dialga|216/270\n|\n|-heal|p2a: Dialga|232/270|[from] item: Leftovers\n|upkeep\n|turn|2\n|c|\u2606Iceman8911|o\n|c|\u2606Iceman8911|almost forgot\n|c|\u2606Iceman8911|it's you\n|c|\u2606Iceman8911|lmao\n|c|\u2606Iceman8911|glhf\n|inactive|Iceman8911 has 120 seconds left.\n|inactive|Iceman8911 has 90 seconds left.\n|inactive|Iceman8911 has 60 seconds left.\n|\n|t:|1708797292\n|switch|p1a: Oranguru|Oranguru, L92, F|315/315\n|move|p2a: Dialga|Stealth Rock|p1a: Oranguru\n|-sidestart|p1: Iceman8911|move: Stealth Rock\n|\n|-heal|p2a: Dialga|248/270|[from] item: Leftovers\n|upkeep\n|turn|3\n|j| Shinchan3279\n|j| Teres bahji\n|inactive|pokeblade\u2606101 has 120 seconds left.\n|j| huge poopoo head\n|\n|t:|1708797328\n|switch|p2a: Gliscor|Gliscor, L76, M|239/239\n|move|p1a: Oranguru|Nasty Plot|p1a: Oranguru\n|-boost|p1a: Oranguru|spa|2\n|\n|-status|p2a: Gliscor|tox|[from] item: Toxic Orb\n|upkeep\n|turn|4\n|inactive|pokeblade\u2606101 has 120 seconds left.\n|l| Teres bahji\n|\n|t:|1708797337\n|move|p2a: Gliscor|Protect|p2a: Gliscor\n|-singleturn|p2a: Gliscor|Protect\n|move|p1a: Oranguru|Psychic|p2a: Gliscor\n|-activate|p2a: Gliscor|move: Protect\n|\n|upkeep\n|turn|5\n|inactive|pokeblade\u2606101 has 120 seconds left.\n|c|\u2606Iceman8911|hmm\n|c|\u2606Iceman8911|lets see\n|\n|t:|1708797357\n|switch|p2a: Cryogonal|Cryogonal, L88|284/284\n|move|p1a: Oranguru|Psychic|p2a: Cryogonal\n|-damage|p2a: Cryogonal|143/284\n|\n|upkeep\n|turn|6\n|c|\u2606Iceman8911|if orangur is as good as you said\n|c|\u2606Iceman8911|lol\n|inactive|Iceman8911 has 60 seconds left.\n|\n|t:|1708797369\n|move|p2a: Cryogonal|Freeze-Dry|p1a: Oranguru\n|-damage|p1a: Oranguru|255/315\n|move|p1a: Oranguru|Focus Blast|p2a: Cryogonal\n|-supereffective|p2a: Cryogonal\n|-damage|p2a: Cryogonal|0 fnt\n|faint|p2a: Cryogonal\n|\n|-heal|p1a: Oranguru|274/315|[from] item: Leftovers\n|upkeep\n|\n|t:|1708797384\n|switch|p2a: Brambleghast|Brambleghast, L88, F|240/240\n|turn|7\n|inactive|Iceman8911 has 60 seconds left.\n|\n|t:|1708797409\n|move|p2a: Brambleghast|Power Whip|p1a: Oranguru\n|-damage|p1a: Oranguru|115/315\n|move|p1a: Oranguru|Psychic|p2a: Brambleghast\n|-damage|p2a: Brambleghast|14/240\n|\n|-heal|p2a: Brambleghast|29/240|[from] item: Leftovers\n|-heal|p1a: Oranguru|134/315|[from] item: Leftovers\n|upkeep\n|turn|8\n|inactive|pokeblade\u2606101 has 120 seconds left.\n|inactive|Iceman8911 has 30 seconds left.\n|\n|t:|1708797440\n|switch|p1a: Electrode|Electrode-Hisui, L87|246/246\n|-damage|p1a: Electrode|216/246|[from] Stealth Rock\n|move|p2a: Brambleghast|Power Whip|p1a: Electrode\n|-resisted|p1a: Electrode\n|-damage|p1a: Electrode|120/246\n|\n|-heal|p1a: Electrode|135/246|[from] item: Leftovers\n|-heal|p2a: Brambleghast|44/240|[from] item: Leftovers\n|upkeep\n|turn|9\n|inactive|pokeblade\u2606101 has 120 seconds left.\n|\n|t:|1708797451\n|switch|p2a: Gogoat|Gogoat, L88, F|360/360\n|move|p1a: Electrode|Thunderbolt|p2a: Gogoat\n|-resisted|p2a: Gogoat\n|-damage|p2a: Gogoat|319/360\n|\n|-heal|p1a: Electrode|150/246|[from] item: Leftovers\n|-heal|p2a: Gogoat|341/360|[from] item: Leftovers\n|upkeep\n|turn|10\n|\n|t:|1708797457\n|switch|p1a: Mew|Mew, L82|298/298\n|-damage|p1a: Mew|261/298|[from] Stealth Rock\n|move|p2a: Gogoat|Horn Leech|p1a: Mew\n|-damage|p1a: Mew|173/298\n|-heal|p2a: Gogoat|360/360|[from] drain|[of] p1a: Mew\n|\n|-heal|p1a: Mew|191/298|[from] item: Leftovers\n|upkeep\n|turn|11\n|\n|t:|1708797469\n|move|p1a: Mew|Taunt|p2a: Gogoat\n|-start|p2a: Gogoat|move: Taunt\n|move|p2a: Gogoat|Horn Leech|p1a: Mew\n|-damage|p1a: Mew|103/298\n|\n|-heal|p1a: Mew|121/298|[from] item: Leftovers\n|upkeep\n|turn|12\n|\n|t:|1708797476\n|move|p1a: Mew|Psychic|p2a: Gogoat\n|-damage|p2a: Gogoat|263/360\n|move|p2a: Gogoat|Horn Leech|p1a: Mew\n|-damage|p1a: Mew|33/298\n|-heal|p2a: Gogoat|307/360|[from] drain|[of] p1a: Mew\n|\n|-heal|p1a: Mew|51/298|[from] item: Leftovers\n|-heal|p2a: Gogoat|329/360|[from] item: Leftovers\n|upkeep\n|turn|13\n|\n|t:|1708797482\n|move|p1a: Mew|Will-O-Wisp|p2a: Gogoat\n|-status|p2a: Gogoat|brn\n|move|p2a: Gogoat|Horn Leech|p1a: Mew\n|-damage|p1a: Mew|13/298\n|-heal|p2a: Gogoat|348/360 brn|[from] drain|[of] p1a: Mew\n|\n|-heal|p1a: Mew|31/298|[from] item: Leftovers\n|-heal|p2a: Gogoat|360/360 brn|[from] item: Leftovers\n|-damage|p2a: Gogoat|338/360 brn|[from] brn\n|-end|p2a: Gogoat|move: Taunt\n|upkeep\n|turn|14\n|\n|t:|1708797492\n|move|p1a: Mew|U-turn|p2a: Gogoat\n|-supereffective|p2a: Gogoat\n|-damage|p2a: Gogoat|224/360 brn\n|inactive|Iceman8911 has 60 seconds left.\n|inactive|Iceman8911 has 30 seconds left.\n|inactive|Iceman8911 has 20 seconds left.\n|\n|t:|1708797545\n|switch|p1a: Oranguru|Oranguru, L92, F|134/315|[from] U-turn\n|-damage|p1a: Oranguru|95/315|[from] Stealth Rock\n|move|p2a: Gogoat|Horn Leech|p1a: Oranguru\n|-damage|p1a: Oranguru|55/315\n|-heal|p2a: Gogoat|244/360 brn|[from] drain|[of] p1a: Oranguru\n|\n|-heal|p2a: Gogoat|266/360 brn|[from] item: Leftovers\n|-heal|p1a: Oranguru|74/315|[from] item: Leftovers\n|-damage|p2a: Gogoat|244/360 brn|[from] brn\n|upkeep\n|turn|15\n|inactive|Iceman8911 has 30 seconds left this turn.\n|\n|t:|1708797555\n|move|p2a: Gogoat|Horn Leech|p1a: Oranguru\n|-damage|p1a: Oranguru|27/315\n|-heal|p2a: Gogoat|268/360 brn|[from] drain|[of] p1a: Oranguru\n|move|p1a: Oranguru|Nasty Plot|p1a: Oranguru\n|-boost|p1a: Oranguru|spa|2\n|\n|-heal|p2a: Gogoat|290/360 brn|[from] item: Leftovers\n|-heal|p1a: Oranguru|46/315|[from] item: Leftovers\n|-damage|p2a: Gogoat|268/360 brn|[from] brn\n|upkeep\n|turn|16\n|inactive|Iceman8911 has 30 seconds left.\n|\n|t:|1708797570\n|move|p2a: Gogoat|Milk Drink|p2a: Gogoat\n|-heal|p2a: Gogoat|360/360 brn\n|move|p1a: Oranguru|Psychic|p2a: Gogoat\n|-damage|p2a: Gogoat|149/360 brn\n|\n|-heal|p2a: Gogoat|171/360 brn|[from] item: Leftovers\n|-heal|p1a: Oranguru|65/315|[from] item: Leftovers\n|-damage|p2a: Gogoat|149/360 brn|[from] brn\n|upkeep\n|turn|17\n|\n|t:|1708797577\n|move|p2a: Gogoat|Horn Leech|p1a: Oranguru\n|-damage|p1a: Oranguru|22/315\n|-heal|p2a: Gogoat|171/360 brn|[from] drain|[of] p1a: Oranguru\n|move|p1a: Oranguru|Psychic|p2a: Gogoat\n|-damage|p2a: Gogoat|0 fnt\n|faint|p2a: Gogoat\n|\n|-heal|p1a: Oranguru|41/315|[from] item: Leftovers\n|upkeep\n|\n|t:|1708797581\n|switch|p2a: Gliscor|Gliscor, L76, M|239/239 tox\n|turn|18\n|\n|t:|1708797587\n|move|p2a: Gliscor|Earthquake|p1a: Oranguru\n|-damage|p1a: Oranguru|0 fnt\n|faint|p1a: Oranguru\n|\n|upkeep\n|inactive|Iceman8911 has 30 seconds left.\n|\n|t:|1708797607\n|switch|p1a: Electrode|Electrode-Hisui, L87|150/246\n|-damage|p1a: Electrode|120/246|[from] Stealth Rock\n|turn|19\n|\n|t:|1708797611\n|move|p1a: Electrode|Leech Seed|p2a: Gliscor\n|-start|p2a: Gliscor|move: Leech Seed\n|move|p2a: Gliscor|Earthquake|p1a: Electrode\n|-damage|p1a: Electrode|23/246\n|\n|-heal|p1a: Electrode|38/246|[from] item: Leftovers\n|-damage|p2a: Gliscor|210/239 tox|[from] Leech Seed|[of] p1a: Electrode\n|-heal|p1a: Electrode|67/246|[silent]\n|-heal|p2a: Gliscor|239/239 tox|[from] ability: Poison Heal\n|upkeep\n|turn|20\n|\n|t:|1708797619\n|move|p1a: Electrode|Giga Drain|p2a: Gliscor\n|-damage|p2a: Gliscor|143/239 tox\n|-heal|p1a: Electrode|115/246|[from] drain|[of] p2a: Gliscor\n|move|p2a: Gliscor|Earthquake|p1a: Electrode\n|-crit|p1a: Electrode\n|-damage|p1a: Electrode|0 fnt\n|faint|p1a: Electrode\n|\n|-heal|p2a: Gliscor|172/239 tox|[from] ability: Poison Heal\n|upkeep\n|\n|t:|1708797627\n|switch|p1a: Regidrago|Regidrago, L77|435/435\n|-damage|p1a: Regidrago|381/435|[from] Stealth Rock\n|turn|21\n|\n|t:|1708797632\n|move|p1a: Regidrago|Dragon Energy|p2a: Gliscor\n|-crit|p2a: Gliscor\n|-damage|p2a: Gliscor|0 fnt\n|faint|p2a: Gliscor\n|\n|upkeep\n|\n|t:|1708797635\n|switch|p2a: Dialga|Dialga, L74|248/270\n|-ability|p2a: Dialga|Pressure\n|turn|22\n|inactive|Iceman8911 has 60 seconds left.\n|\n|t:|1708797648\n|switch|p1a: Mew|Mew, L82|31/298\n|-damage|p1a: Mew|0 fnt|[from] Stealth Rock\n|faint|p1a: Mew\n|-terastallize|p2a: Dialga|Steel\n|move|p2a: Dialga|Draco Meteor|p1: Mew|[notarget]\n|-fail|p2a: Dialga\n|\n|-heal|p2a: Dialga|264/270|[from] item: Leftovers\n|upkeep\n|inactive|Iceman8911 has 60 seconds left.\n|\n|t:|1708797656\n|switch|p1a: Clodsire|Clodsire, L81, F|343/343\n|-damage|p1a: Clodsire|322/343|[from] Stealth Rock\n|turn|23\n|\n|t:|1708797671\n|move|p2a: Dialga|Heavy Slam|p1a: Clodsire\n|-damage|p1a: Clodsire|188/343\n|move|p1a: Clodsire|Earthquake|p2a: Dialga\n|-supereffective|p2a: Dialga\n|-damage|p2a: Dialga|130/270\n|\n|-heal|p2a: Dialga|146/270|[from] item: Leftovers\n|-heal|p1a: Clodsire|209/343|[from] item: Leftovers\n|upkeep\n|turn|24\n|c|\u2606Iceman8911|wait\n|c|\u2606Iceman8911|how heavy is clod\n|c|\u2606Iceman8911|!dt clod\n|error|No Pok\u00e9mon, item, move, ability or nature named 'clod' was found. (Check your spelling?)\n|inactive|Iceman8911 has 60 seconds left.\n|c|\u2606pokeblade\u2606101|too heavy\n|c|\u2606Iceman8911|!dt clodsire\n|raw|<div class=\"message\"><ul class=\"utilichart\"><li class=\"result\"><span class=\"col numcol\">OU</span> <span class=\"col iconcol\"><psicon pokemon=\"clodsire\"/></span> <span class=\"col pokemonnamecol\" style=\"white-space:nowrap\"><a href=\"https://dex.pokemonshowdown.com/pokemon/clodsire\" target=\"_blank\">Clodsire</a></span> <span class=\"col typecol\"><img src=\"https://play.pokemonshowdown.com/sprites/types/Poison.png\" alt=\"Poison\" height=\"14\" width=\"32\"><img src=\"https://play.pokemonshowdown.com/sprites/types/Ground.png\" alt=\"Ground\" height=\"14\" width=\"32\"></span> <span style=\"float:left;min-height:26px\"><span class=\"col twoabilitycol\">Poison Point<br />Water Absorb</span><span class=\"col abilitycol\"><em>Unaware</em></span></span><span style=\"float:left;min-height:26px\"><span class=\"col statcol\"><em>HP</em><br />130</span> <span class=\"col statcol\"><em>Atk</em><br />75</span> <span class=\"col statcol\"><em>Def</em><br />60</span> <span class=\"col statcol\"><em>SpA</em><br />45</span> <span class=\"col statcol\"><em>SpD</em><br />100</span> <span class=\"col statcol\"><em>Spe</em><br />20</span> <span class=\"col bstcol\"><em>BST<br />430</em></span> </span></li><li style=\"clear:both\"></li></ul></div>\n|raw|<font size=\"1\"><font color=\"#686868\">Dex#:</font> 980&nbsp;|&ThickSpace;<font color=\"#686868\">Gen:</font> 9&nbsp;|&ThickSpace;<font color=\"#686868\">Height:</font> 1.8 m&nbsp;|&ThickSpace;<font color=\"#686868\">Weight:</font> 223 kg <em>(120 BP)</em>&nbsp;|&ThickSpace;<font color=\"#686868\">Dex Colour:</font> Brown&nbsp;|&ThickSpace;<font color=\"#686868\">Egg Group(s):</font> Water 1, Field&nbsp;|&ThickSpace;<font color=\"#686868\">Pre-Evolution:</font> Wooper-Paldea&nbsp;|&ThickSpace;<font color=\"#686868\">Does Not Evolve</font></font>\n\n|c|\u2606Iceman8911|lol\n|c|\u2606Iceman8911|223kg\n|\n|t:|1708797695\n|move|p2a: Dialga|Heavy Slam|p1a: Clodsire\n|-damage|p1a: Clodsire|75/343\n|move|p1a: Clodsire|Recover|p1a: Clodsire\n|-heal|p1a: Clodsire|247/343\n|\n|-heal|p2a: Dialga|162/270|[from] item: Leftovers\n|-heal|p1a: Clodsire|268/343|[from] item: Leftovers\n|upkeep\n|turn|25\n|c|\u2606pokeblade\u2606101|idk why it is so heavy it makes no sense\n|\n|t:|1708797701\n|move|p2a: Dialga|Draco Meteor|p1a: Clodsire|[miss]\n|-miss|p2a: Dialga|p1a: Clodsire\n|move|p1a: Clodsire|Earthquake|p2a: Dialga\n|-supereffective|p2a: Dialga\n|-damage|p2a: Dialga|16/270\n|\n|-heal|p2a: Dialga|32/270|[from] item: Leftovers\n|-heal|p1a: Clodsire|289/343|[from] item: Leftovers\n|upkeep\n|turn|26\n|c|\u2606Iceman8911|!dt quagsire\n|raw|<div class=\"message\"><ul class=\"utilichart\"><li class=\"result\"><span class=\"col numcol\">RU</span> <span class=\"col iconcol\"><psicon pokemon=\"quagsire\"/></span> <span class=\"col pokemonnamecol\" style=\"white-space:nowrap\"><a href=\"https://dex.pokemonshowdown.com/pokemon/quagsire\" target=\"_blank\">Quagsire</a></span> <span class=\"col typecol\"><img src=\"https://play.pokemonshowdown.com/sprites/types/Water.png\" alt=\"Water\" height=\"14\" width=\"32\"><img src=\"https://play.pokemonshowdown.com/sprites/types/Ground.png\" alt=\"Ground\" height=\"14\" width=\"32\"></span> <span style=\"float:left;min-height:26px\"><span class=\"col twoabilitycol\">Damp<br />Water Absorb</span><span class=\"col abilitycol\"><em>Unaware</em></span></span><span style=\"float:left;min-height:26px\"><span class=\"col statcol\"><em>HP</em><br />95</span> <span class=\"col statcol\"><em>Atk</em><br />85</span> <span class=\"col statcol\"><em>Def</em><br />85</span> <span class=\"col statcol\"><em>SpA</em><br />65</span> <span class=\"col statcol\"><em>SpD</em><br />65</span> <span class=\"col statcol\"><em>Spe</em><br />35</span> <span class=\"col bstcol\"><em>BST<br />430</em></span> </span></li><li style=\"clear:both\"></li></ul></div>\n|raw|<font size=\"1\"><font color=\"#686868\">Dex#:</font> 195&nbsp;|&ThickSpace;<font color=\"#686868\">Gen:</font> 2&nbsp;|&ThickSpace;<font color=\"#686868\">Height:</font> 1.4 m&nbsp;|&ThickSpace;<font color=\"#686868\">Weight:</font> 75 kg <em>(80 BP)</em>&nbsp;|&ThickSpace;<font color=\"#686868\">Dex Colour:</font> Blue&nbsp;|&ThickSpace;<font color=\"#686868\">Egg Group(s):</font> Water 1, Field&nbsp;|&ThickSpace;<font color=\"#686868\">Pre-Evolution:</font> Wooper&nbsp;|&ThickSpace;<font color=\"#686868\">Does Not Evolve</font></font>\n\n|c|\u2606Iceman8911|man\n|\n|t:|1708797715\n|move|p2a: Dialga|Draco Meteor|p1a: Clodsire\n|-damage|p1a: Clodsire|145/343\n|-unboost|p2a: Dialga|spa|2\n|move|p1a: Clodsire|Recover|p1a: Clodsire\n|-heal|p1a: Clodsire|317/343\n|\n|-heal|p2a: Dialga|48/270|[from] item: Leftovers\n|-heal|p1a: Clodsire|338/343|[from] item: Leftovers\n|upkeep\n|turn|27\n|\n|t:|1708797720\n|move|p2a: Dialga|Draco Meteor|p1a: Clodsire\n|-damage|p1a: Clodsire|188/343\n|-unboost|p2a: Dialga|spa|2\n|move|p1a: Clodsire|Earthquake|p2a: Dialga\n|-supereffective|p2a: Dialga\n|-damage|p2a: Dialga|0 fnt\n|faint|p2a: Dialga\n|\n|-heal|p1a: Clodsire|209/343|[from] item: Leftovers\n|upkeep\n|\n|t:|1708797724\n|switch|p2a: Brambleghast|Brambleghast, L88, F|44/240\n|turn|28\n|\n|t:|1708797730\n|move|p2a: Brambleghast|Power Whip|p1a: Clodsire\n|-damage|p1a: Clodsire|7/343\n|move|p1a: Clodsire|Earthquake|p2a: Brambleghast\n|-resisted|p2a: Brambleghast\n|-damage|p2a: Brambleghast|0 fnt\n|faint|p2a: Brambleghast\n|\n|-heal|p1a: Clodsire|28/343|[from] item: Leftovers\n|upkeep\n|\n|t:|1708797733\n|switch|p2a: Tauros|Tauros-Paldea-Combat, L84, M|263/263\n|-ability|p2a: Tauros|Intimidate|boost\n|-unboost|p1a: Clodsire|atk|1\n|turn|29\n|inactive|Iceman8911 has 90 seconds left.\n|\n|t:|1708797743\n|move|p2a: Tauros|Close Combat|p1a: Clodsire\n|-resisted|p1a: Clodsire\n|-damage|p1a: Clodsire|0 fnt\n|-unboost|p2a: Tauros|def|1\n|-unboost|p2a: Tauros|spd|1\n|faint|p1a: Clodsire\n|\n|upkeep\n|inactive|Iceman8911 has 90 seconds left.\n|c|\u2606pokeblade\u2606101|well sad i played like garbage again\n|j| meamdefinitely4\n|c|\u2606Iceman8911|oof\n|c|\u2606Iceman8911|gg tho\n|\n|t:|1708797763\n|switch|p1a: Regidrago|Regidrago, L77|381/435\n|-damage|p1a: Regidrago|327/435|[from] Stealth Rock\n|turn|30\n|\n|t:|1708797774\n|-terastallize|p1a: Regidrago|Dragon\n|move|p1a: Regidrago|Dragon Energy|p2a: Tauros\n|-damage|p2a: Tauros|0 fnt\n|faint|p2a: Tauros\n|\n|win|Iceman8911\n|raw|Iceman8911's rating: 2289 &rarr; <strong>2311</strong><br />(+22 for winning)\n|raw|pokeblade\u2606101's rating: 2326 &rarr; <strong>2304</strong><br />(-22 for losing)\n", "inputlog": ">version d0506a1349a3e05f66a13a5ab77846dda519ec99\n>start {\"formatid\":\"gen9randombattle\",\"seed\":[37986,10513,61327,26492],\"rated\":\"Rated battle\"}\n>player p1 {\"name\":\"Iceman8911\",\"avatar\":\"lysandre-masters\",\"rating\":2289,\"seed\":[49783,46848,17862,882]}\n>player p2 {\"name\":\"pokeblade\u2606101\",\"avatar\":\"#rbtt7teamchiyu\",\"rating\":2326,\"seed\":[35026,17990,35257,60532]}\n>p1 move bugbuzz\n>p2 switch 2\n>chat \u2606Iceman8911|o\n>chat \u2606Iceman8911|almost forgot\n>chat \u2606Iceman8911|it's you\n>chat \u2606Iceman8911|lmao\n>chat \u2606Iceman8911|glhf\n>p1 switch 3\n>p2 move stealthrock\n>p1 move nastyplot\n>p2 switch 5\n>p1 move psychic\n>p2 move protect\n>chat \u2606Iceman8911|hmm\n>chat \u2606Iceman8911|lets see\n>p1 move psychic\n>p2 switch 3\n>chat \u2606Iceman8911|if orangur is as good as you said\n>chat \u2606Iceman8911|lol\n>p1 move focusblast\n>p2 move freezedry\n>p2 switch 6\n>p1 move psychic\n>p2 move powerwhip\n>p1 switch 4\n>p2 move powerwhip\n>p1 move thunderbolt\n>p2 switch 2\n>p1 switch 5\n>p2 move hornleech\n>p1 move taunt\n>p2 move hornleech\n>p1 move psychic\n>p2 move hornleech\n>p1 move willowisp\n>p2 move hornleech\n>p1 move uturn\n>p2 move hornleech\n>p1 switch 4\n>p1 move nastyplot\n>p2 move hornleech\n>p1 move psychic\n>p2 move milkdrink\n>p1 move psychic\n>p2 move hornleech\n>p2 switch 3\n>p1 move psychic\n>p2 move earthquake\n>p1 switch 5\n>p1 move leechseed\n>p2 move earthquake\n>p1 move gigadrain\n>p2 move earthquake\n>p1 switch 6\n>p1 move dragonenergy\n>p2 move toxic\n>p2 switch 5\n>p1 switch 4\n>p2 move dracometeor terastallize\n>p1 switch 2\n>p1 move earthquake\n>p2 move heavyslam\n>chat \u2606Iceman8911|wait\n>chat \u2606Iceman8911|how heavy is clod\n>chat \u2606Iceman8911|!dt clod\n>chat \u2606pokeblade\u2606101|too heavy \n>chat \u2606Iceman8911|!dt clodsire\n>chat \u2606Iceman8911|lol\n>chat \u2606Iceman8911|223kg\n>p1 move recover\n>p2 move heavyslam\n>chat \u2606pokeblade\u2606101|idk why it is so heavy it makes no sense\n>p1 move earthquake\n>p2 move dracometeor\n>chat \u2606Iceman8911|!dt quagsire\n>chat \u2606Iceman8911|man\n>p1 move recover\n>p2 move dracometeor\n>p1 move earthquake\n>p2 move dracometeor\n>p2 switch 2\n>p1 move earthquake\n>p2 move powerwhip\n>p2 switch 4\n>p1 move earthquake\n>p2 move closecombat\n>chat \u2606pokeblade\u2606101|well sad i played like garbage again\n>chat \u2606Iceman8911|oof\n>chat \u2606Iceman8911|gg tho\n>p1 switch 4\n>p1 move dragonenergy terastallize\n>p2 move closecombat", "uploadtime": 1708797787, "views": 249, "formatid": "gen9randombattle", "rating": 2304, "private": 0, "password": null}