{"id": "gen9randombattle-2216965876", "format": "[Gen 9] Random Battle", "players": ["RL4T big soup", "Vitoran"], "log": "|j|\u2606RL4T big soup\n|j|\u2606Vitoran\n|t:|1728199125\n|gametype|singles\n|player|p1|RL4T big soup|youngster|2258\n|player|p2|Vitoran|nemona-v|2253\n|teamsize|p1|6\n|teamsize|p2|6\n|gen|9\n|tier|[Gen 9] Random Battle\n|rated|\n|rule|Species Clause: Limit one of each Pok\u00e9mon\n|rule|HP Percentage Mod: HP is shown in percentages\n|rule|Sleep Clause Mod: Limit one foe put to sleep\n|rule|Illusion Level Mod: Illusion disguises the Pok\u00e9mon's true level\n|\n|t:|1728199125\n|start\n|switch|p1a: Thundurus|Thundurus-Therian, L80, M|258/258\n|switch|p2a: Whiscash|Whiscash, L88, F|337/337\n|turn|1\n|inactive|Battle timer is ON: inactive players will automatically lose when time's up. (requested by Vitoran)\n|inactive|RL4T big soup also wants the timer to be on.\n|c|\u2606Vitoran|glhf\n|inactive|Vitoran has 120 seconds left.\n|\n|t:|1728199159\n|move|p1a: Thundurus|Nasty Plot|p1a: Thundurus\n|-boost|p1a: Thundurus|spa|2\n|move|p2a: Whiscash|Stealth Rock|p1a: Thundurus\n|-sidestart|p1: RL4T big soup|move: Stealth Rock\n|\n|upkeep\n|turn|2\n|\n|t:|1728199175\n|move|p1a: Thundurus|Nasty Plot|p1a: Thundurus\n|-boost|p1a: Thundurus|spa|2\n|move|p2a: Whiscash|Spikes|p1a: Thundurus\n|-sidestart|p1: RL4T big soup|Spikes\n|\n|upkeep\n|turn|3\n|\n|t:|1728199181\n|move|p1a: Thundurus|Focus Blast|p2a: Whiscash|[miss]\n|-miss|p1a: Thundurus|p2a: Whiscash\n|move|p2a: Whiscash|Hydro Pump|p1a: Thundurus\n|-crit|p1a: Thundurus\n|-damage|p1a: Thundurus|89/258\n|\n|upkeep\n|turn|4\n|\n|t:|1728199196\n|switch|p2a: Trevenant|Trevenant, L88, M|293/293\n|move|p1a: Thundurus|Focus Blast|p2a: Trevenant\n|-immune|p2a: Trevenant\n|\n|upkeep\n|turn|5\n|\n|t:|1728199200\n|move|p1a: Thundurus|Thunderbolt|p2a: Trevenant\n|-resisted|p2a: Trevenant\n|-damage|p2a: Trevenant|120/293\n|move|p2a: Trevenant|Trick Room|p2a: Trevenant\n|-fieldstart|move: Trick Room|[of] p2a: Trevenant\n|\n|upkeep\n|turn|6\n|-message|RL4T big soup forfeited.\n|\n|win|Vitoran\n|raw|RL4T big soup's rating: 2258 &rarr; <strong>2238</strong><br />(-20 for losing)\n|raw|Vitoran's rating: 2253 &rarr; <strong>2273</strong><br />(+20 for winning)\n|l|\u2606RL4T big soup\n|player|p1|\n", "inputlog": ">version 86ae7daf8e420bb3f6c82a6a988ddcc1b1aa7e58\n>start {\"formatid\":\"gen9randombattle\",\"seed\":[49022,63853,4016,61169],\"rated\":\"Rated battle\"}\n>player p1 {\"name\":\"RL4T big soup\",\"avatar\":\"youngster\",\"rating\":2258,\"seed\":[15954,3419,20346,64520]}\n>player p2 {\"name\":\"Vitoran\",\"avatar\":\"nemona-v\",\"rating\":2253,\"seed\":[44619,52932,35767,25675]}\n>chat \u2606Vitoran|glhf\n>p1 move nastyplot\n>p2 move stealthrock\n>p1 move nastyplot\n>p2 move spikes\n>p1 move focusblast\n>p2 move hydropump\n>p1 move focusblast\n>p2 switch 2\n>p1 move thunderbolt\n>p2 move trickroom\n>forcelose p1", "uploadtime": 1728199207, "views": 68, "formatid": "gen9randombattle", "rating": 2238, "private": 0, "password": null}