{"id": "gen9randombattle-2260709973", "format": "[Gen 9] Random Battle", "players": ["sad_1376", "FantasyWind"], "log": "|j|\u2606sad_1376\n|j|\u203dFantasyWind\n|t:|1733881373\n|gametype|singles\n|player|p1|sad_1376|cameraman|1447\n|player|p2|FantasyWind|hilda|1422\n|teamsize|p1|6\n|teamsize|p2|6\n|gen|9\n|tier|[Gen 9] Random Battle\n|rated|\n|rule|Species Clause: Limit one of each Pok\u00e9mon\n|rule|HP Percentage Mod: HP is shown in percentages\n|rule|Sleep Clause Mod: Limit one foe put to sleep\n|rule|Illusion Level Mod: Illusion disguises the Pok\u00e9mon's true level\n|\n|t:|1733881373\n|start\n|switch|p1a: Sylveon|Sylveon, L85, M|300/300\n|switch|p2a: Quaquaval|Quaquaval, L79, M|264/264\n|turn|1\n|inactive|Battle timer is ON: inactive players will automatically lose when time's up. (requested by sad_1376)\n|\n|t:|1733881392\n|switch|p2a: Volcanion|Volcanion, L79|255/255\n|move|p1a: Sylveon|Hyper Voice|p2a: Volcanion\n|-resisted|p2a: Volcanion\n|-damage|p2a: Volcanion|183/255\n|\n|upkeep\n|turn|2\n|inactive|sad_1376 has 120 seconds left.\n|inactive|sad_1376 has 90 seconds left.\n|\n|t:|1733881460\n|move|p2a: Volcanion|Sludge Bomb|p1a: Sylveon\n|-supereffective|p1a: Sylveon\n|-damage|p1a: Sylveon|200/300\n|move|p1a: Sylveon|Calm Mind|p1a: Sylveon\n|-boost|p1a: Sylveon|spa|1\n|-boost|p1a: Sylveon|spd|1\n|\n|-heal|p1a: Sylveon|218/300|[from] item: Leftovers\n|upkeep\n|turn|3\n|inactive|sad_1376 has 90 seconds left.\n|\n|t:|1733881478\n|move|p1a: Sylveon|Protect|p1a: Sylveon\n|-singleturn|p1a: Sylveon|Protect\n|move|p2a: Volcanion|Sludge Bomb|p1a: Sylveon\n|-activate|p1a: Sylveon|move: Protect\n|\n|-heal|p1a: Sylveon|236/300|[from] item: Leftovers\n|upkeep\n|turn|4\n|\n|t:|1733881489\n|move|p2a: Volcanion|Sludge Bomb|p1a: Sylveon\n|-supereffective|p1a: Sylveon\n|-damage|p1a: Sylveon|168/300\n|move|p1a: Sylveon|Wish|p1a: Sylveon\n|\n|-heal|p1a: Sylveon|186/300|[from] item: Leftovers\n|upkeep\n|turn|5\n|\n|t:|1733881503\n|switch|p2a: Quaquaval|Quaquaval, L79, M|264/264\n|move|p1a: Sylveon|Calm Mind|p1a: Sylveon\n|-boost|p1a: Sylveon|spa|1\n|-boost|p1a: Sylveon|spd|1\n|\n|-heal|p1a: Sylveon|300/300|[from] move: Wish|[wisher] Sylveon\n|upkeep\n|turn|6\n|inactive|sad_1376 has 90 seconds left.\n|\n|t:|1733881512\n|move|p2a: Quaquaval|Encore|p1a: Sylveon\n|-start|p1a: Sylveon|Encore\n|move|p1a: Sylveon|Calm Mind|p1a: Sylveon\n|-boost|p1a: Sylveon|spa|1\n|-boost|p1a: Sylveon|spd|1\n|\n|upkeep\n|turn|7\n|\n|t:|1733881519\n|move|p2a: Quaquaval|Swords Dance|p2a: Quaquaval\n|-boost|p2a: Quaquaval|atk|2\n|move|p1a: Sylveon|Calm Mind|p1a: Sylveon\n|-boost|p1a: Sylveon|spa|1\n|-boost|p1a: Sylveon|spd|1\n|\n|upkeep\n|turn|8\n|inactive|sad_1376 has 90 seconds left.\n|\n|t:|1733881536\n|switch|p1a: Orthworm|Orthworm, L88, M|266/266\n|move|p2a: Quaquaval|Swords Dance|p2a: Quaquaval\n|-boost|p2a: Quaquaval|atk|2\n|\n|upkeep\n|turn|9\n|inactive|sad_1376 has 90 seconds left.\n|\n|t:|1733881550\n|-terastallize|p1a: Orthworm|Electric\n|move|p2a: Quaquaval|Aqua Step|p1a: Orthworm\n|-damage|p1a: Orthworm|59/266\n|-boost|p2a: Quaquaval|spe|1\n|-damage|p2a: Quaquaval|238/264|[from] item: Life Orb\n|move|p1a: Orthworm|Coil|p1a: Orthworm\n|-boost|p1a: Orthworm|atk|1\n|-boost|p1a: Orthworm|def|1\n|-boost|p1a: Orthworm|accuracy|1\n|\n|upkeep\n|turn|10\n|inactive|sad_1376 has 90 seconds left.\n|-message|sad_1376 forfeited.\n|\n|win|FantasyWind\n|raw|sad_1376's rating: 1447 &rarr; <strong>1426</strong><br />(-21 for losing)\n|raw|FantasyWind's rating: 1422 &rarr; <strong>1443</strong><br />(+21 for winning)\n|l|\u2606sad_1376\n|player|p1|\n", "inputlog": ">version bfd83cad13791eb5a5a409923076391caf6fb4d4\n>start {\"formatid\":\"gen9randombattle\",\"seed\":[35712,10798,20625,65036],\"rated\":\"Rated battle\"}\n>player p1 {\"name\":\"sad_1376\",\"avatar\":\"cameraman\",\"rating\":1447,\"seed\":[50261,63970,38155,56733]}\n>player p2 {\"name\":\"FantasyWind\",\"avatar\":\"hilda\",\"rating\":1422,\"seed\":[8612,61682,29367,39351]}\n>p1 move hypervoice\n>p2 switch 3\n>p1 move calmmind\n>p2 move sludgebomb\n>p1 move protect\n>p2 move sludgebomb\n>p1 move wish\n>p2 move sludgebomb\n>p1 move calmmind\n>p2 switch 3\n>p1 move hypervoice\n>p2 move encore\n>p1 move calmmind\n>p2 move swordsdance\n>p1 switch 6\n>p2 move swordsdance\n>p1 move coil terastallize\n>p2 move aquastep\n>forcelose p1", "uploadtime": 1733881563, "views": 1, "formatid": "gen9randombattle", "rating": 1426, "private": 0, "password": null}