{"id": "gen9randombattle-2260709616", "format": "[Gen 9] Random Battle", "players": ["OPPPAIN", "pingula_rei_delas"], "log": "|j|\u2606OPPPAIN\n|j|\u2606pingula_rei_delas\n|t:|1733881329\n|gametype|singles\n|player|p1|OPPPAIN|265|1000\n|player|p2|pingula_rei_delas|ethan|1000\n|teamsize|p1|6\n|teamsize|p2|6\n|gen|9\n|tier|[Gen 9] Random Battle\n|rated|\n|rule|Species Clause: Limit one of each Pok\u00e9mon\n|rule|HP Percentage Mod: HP is shown in percentages\n|rule|Sleep Clause Mod: Limit one foe put to sleep\n|rule|Illusion Level Mod: Illusion disguises the Pok\u00e9mon's true level\n|\n|t:|1733881329\n|start\n|switch|p1a: Piloswine|Piloswine, L85, F|309/309\n|switch|p2a: Orthworm|Orthworm, L88, F|266/266\n|turn|1\n|\n|t:|1733881340\n|move|p2a: Orthworm|Iron Tail|p1a: Piloswine\n|-supereffective|p1a: Piloswine\n|-damage|p1a: Piloswine|151/309\n|move|p1a: Piloswine|Stealth Rock|p2a: Orthworm\n|-sidestart|p2: pingula_rei_delas|move: Stealth Rock\n|\n|upkeep\n|turn|2\n|\n|t:|1733881347\n|move|p2a: Orthworm|Iron Tail|p1a: Piloswine\n|-supereffective|p1a: Piloswine\n|-damage|p1a: Piloswine|13/309\n|-unboost|p1a: Piloswine|def|1\n|move|p1a: Piloswine|Earthquake|p2a: Orthworm\n|-immune|p2a: Orthworm|[from] ability: Earth Eater\n|\n|upkeep\n|turn|3\n|-message|OPPPAIN forfeited.\n|\n|win|pingula_rei_delas\n|raw|OPPPAIN's rating: 1000 &rarr; <strong>1000</strong><br />(+0 for losing)\n|raw|pingula_rei_delas's rating: 1000 &rarr; <strong>1040</strong><br />(+40 for winning)\n|l|\u2606OPPPAIN\n|player|p1|\n", "inputlog": ">version bfd83cad13791eb5a5a409923076391caf6fb4d4\n>start {\"formatid\":\"gen9randombattle\",\"seed\":[42304,54147,47120,32839],\"rated\":\"Rated battle\"}\n>player p1 {\"name\":\"OPPPAIN\",\"avatar\":\"265\",\"rating\":1000,\"seed\":[26985,54591,33087,51378]}\n>player p2 {\"name\":\"pingula_rei_delas\",\"avatar\":\"ethan\",\"rating\":1000,\"seed\":[22461,29016,40470,59475]}\n>p1 move stealthrock\n>p2 move irontail\n>p1 move earthquake\n>p2 move irontail\n>forcelose p1", "uploadtime": 1733881361, "views": 2, "formatid": "gen9randombattle", "rating": 1000, "private": 0, "password": null}