{"id": "gen9randombattle-2259915392", "format": "[Gen 9] Random Battle", "players": ["reshiramdanerdd", "adocks3"], "log": "|j|\u2606reshiramdanerdd\n|j|\u2606adocks3\n|t:|1733779542\n|gametype|singles\n|player|p1|reshiramdanerdd|heroine2-conquest|1199\n|player|p2|adocks3|red|1230\n|teamsize|p1|6\n|teamsize|p2|6\n|gen|9\n|tier|[Gen 9] Random Battle\n|rated|\n|rule|Species Clause: Limit one of each Pok\u00e9mon\n|rule|HP Percentage Mod: HP is shown in percentages\n|rule|Sleep Clause Mod: Limit one foe put to sleep\n|rule|Illusion Level Mod: Illusion disguises the Pok\u00e9mon's true level\n|\n|t:|1733779542\n|start\n|switch|p1a: Sableye|Sableye, L89, M|234/234\n|switch|p2a: Hitmontop|Hitmontop, L88, M|231/231\n|turn|1\n|inactive|Battle timer is ON: inactive players will automatically lose when time's up. (requested by reshiramdanerdd)\n|c|\u2606reshiramdanerdd|plz go easy me noob\n|\n|t:|1733779563\n|switch|p2a: Dachsbun|Dachsbun, L92, M|254/254\n|move|p1a: Sableye|Will-O-Wisp|p2a: Dachsbun\n|-ability|p2a: Dachsbun|Well-Baked Body|boost\n|-boost|p2a: Dachsbun|def|2\n|\n|upkeep\n|turn|2\n|\n|t:|1733779574\n|switch|p1a: Seviper|Seviper, L93, M|287/287\n|move|p2a: Dachsbun|Play Rough|p1a: Seviper\n|-resisted|p1a: Seviper\n|-damage|p1a: Seviper|225/287\n|\n|-heal|p1a: Seviper|242/287|[from] item: Leftovers\n|upkeep\n|turn|3\n|\n|t:|1733779590\n|-terastallize|p2a: Dachsbun|Steel\n|move|p2a: Dachsbun|Stomping Tantrum|p1a: Seviper\n|-supereffective|p1a: Seviper\n|-damage|p1a: Seviper|100/287\n|move|p1a: Seviper|Swords Dance|p1a: Seviper\n|-boost|p1a: Seviper|atk|2\n|\n|-heal|p1a: Seviper|117/287|[from] item: Leftovers\n|upkeep\n|turn|4\n|\n|t:|1733779603\n|switch|p1a: Azelf|Azelf, L82|257/257\n|move|p2a: Dachsbun|Stomping Tantrum|p1a: Azelf\n|-immune|p1a: Azelf|[from] ability: Levitate\n|\n|upkeep\n|turn|5\n|\n|t:|1733779611\n|move|p1a: Azelf|Fire Blast|p2a: Dachsbun\n|-ability|p2a: Dachsbun|Well-Baked Body|boost\n|-boost|p2a: Dachsbun|def|2\n|move|p2a: Dachsbun|Play Rough|p1a: Azelf\n|-crit|p1a: Azelf\n|-damage|p1a: Azelf|79/257\n|\n|upkeep\n|turn|6\n|\n|t:|1733779627\n|switch|p1a: Grafaiai|Grafaiai, L86, F|249/249\n|move|p2a: Dachsbun|Play Rough|p1a: Grafaiai|[miss]\n|-miss|p2a: Dachsbun|p1a: Grafaiai\n|\n|upkeep\n|turn|7\n|\n|t:|1733779640\n|move|p1a: Grafaiai|Knock Off|p2a: Dachsbun\n|-damage|p2a: Dachsbun|235/254\n|-enditem|p2a: Dachsbun|Leftovers|[from] move: Knock Off|[of] p1a: Grafaiai\n|move|p2a: Dachsbun|Stomping Tantrum|p1a: Grafaiai\n|-supereffective|p1a: Grafaiai\n|-damage|p1a: Grafaiai|0 fnt\n|faint|p1a: Grafaiai\n|\n|upkeep\n|-message|reshiramdanerdd forfeited.\n|\n|win|adocks3\n|raw|reshiramdanerdd's rating: 1199 &rarr; <strong>1176</strong><br />(-23 for losing)\n|raw|adocks3's rating: 1230 &rarr; <strong>1253</strong><br />(+23 for winning)\n|l|\u2606reshiramdanerdd\n|player|p1|\n", "inputlog": ">version bfd83cad13791eb5a5a409923076391caf6fb4d4\n>start {\"formatid\":\"gen9randombattle\",\"seed\":[49079,24743,61512,37254],\"rated\":\"Rated battle\"}\n>player p1 {\"name\":\"reshiramdanerdd\",\"avatar\":\"heroine2-conquest\",\"rating\":1199,\"seed\":[43425,65520,7147,24781]}\n>player p2 {\"name\":\"adocks3\",\"avatar\":\"red\",\"rating\":1230,\"seed\":[8360,14160,31696,9611]}\n>chat \u2606reshiramdanerdd|plz go easy me noob\n>p1 move willowisp\n>p2 switch 2\n>p1 switch 2\n>p2 move playrough\n>p1 move swordsdance\n>p2 move stompingtantrum terastallize\n>p1 switch 3\n>p2 move stompingtantrum\n>p1 move fireblast\n>p2 move playrough\n>p1 switch 4\n>p2 move playrough\n>p1 move knockoff\n>p2 move stompingtantrum\n>forcelose p1", "uploadtime": 1733779664, "views": 1, "formatid": "gen9randombattle", "rating": 1176, "private": 0, "password": null}