{"id": "gen9randombattle-2253891878", "format": "[Gen 9] Random Battle", "players": ["barQuim", "SwordsDNCE"], "log": "|j|\u203dbarQuim\n|j|\u2606SwordsDNCE\n|t:|1732957722\n|gametype|singles\n|player|p1|barQuim|blue|1532\n|player|p2|SwordsDNCE|266|1497\n|teamsize|p1|6\n|teamsize|p2|6\n|gen|9\n|tier|[Gen 9] Random Battle\n|rated|\n|rule|Species Clause: Limit one of each Pok\u00e9mon\n|rule|HP Percentage Mod: HP is shown in percentages\n|rule|Sleep Clause Mod: Limit one foe put to sleep\n|rule|Illusion Level Mod: Illusion disguises the Pok\u00e9mon's true level\n|\n|t:|1732957722\n|start\n|switch|p1a: Iron Hands|Iron Hands, L79|373/373\n|switch|p2a: Klawf|Klawf, L90, M|272/272\n|turn|1\n|inactive|Battle timer is ON: inactive players will automatically lose when time's up. (requested by barQuim)\n|\n|t:|1732957729\n|switch|p2a: Spidops|Spidops, L96, M|271/271\n|move|p1a: Iron Hands|Swords Dance|p1a: Iron Hands\n|-boost|p1a: Iron Hands|atk|2\n|\n|upkeep\n|turn|2\n|\n|t:|1732957732\n|move|p1a: Iron Hands|Wild Charge|p2a: Spidops\n|-damage|p2a: Spidops|76/271\n|-damage|p1a: Iron Hands|324/373|[from] Recoil\n|move|p2a: Spidops|Sticky Web|p1a: Iron Hands\n|-sidestart|p1: barQuim|move: Sticky Web\n|\n|-heal|p1a: Iron Hands|347/373|[from] item: Leftovers\n|upkeep\n|turn|3\n|\n|t:|1732957736\n|move|p1a: Iron Hands|Wild Charge|p2a: Spidops\n|-damage|p2a: Spidops|0 fnt\n|faint|p2a: Spidops\n|-damage|p1a: Iron Hands|328/373|[from] Recoil\n|\n|-heal|p1a: Iron Hands|351/373|[from] item: Leftovers\n|upkeep\n|\n|t:|1732957742\n|switch|p2a: Delphox|Delphox, L84, F|263/263\n|turn|4\n|\n|t:|1732957745\n|move|p2a: Delphox|Psyshock|p1a: Iron Hands\n|-supereffective|p1a: Iron Hands\n|-damage|p1a: Iron Hands|183/373\n|move|p1a: Iron Hands|Wild Charge|p2a: Delphox\n|-damage|p2a: Delphox|0 fnt\n|faint|p2a: Delphox\n|-damage|p1a: Iron Hands|117/373|[from] Recoil\n|\n|-heal|p1a: Iron Hands|140/373|[from] item: Leftovers\n|upkeep\n|\n|t:|1732957748\n|switch|p2a: Klawf|Klawf, L90, M|272/272\n|turn|5\n|\n|t:|1732957751\n|move|p2a: Klawf|High Horsepower|p1a: Iron Hands|[miss]\n|-miss|p2a: Klawf|p1a: Iron Hands\n|move|p1a: Iron Hands|Drain Punch|p2a: Klawf\n|-supereffective|p2a: Klawf\n|-damage|p2a: Klawf|0 fnt\n|-heal|p1a: Iron Hands|276/373|[from] drain|[of] p2a: Klawf\n|faint|p2a: Klawf\n|\n|-heal|p1a: Iron Hands|299/373|[from] item: Leftovers\n|upkeep\n|-message|SwordsDNCE forfeited.\n|\n|win|barQuim\n|raw|barQuim's rating: 1532 &rarr; <strong>1550</strong><br />(+18 for winning)\n|raw|SwordsDNCE's rating: 1497 &rarr; <strong>1479</strong><br />(-18 for losing)\n|l|\u2606SwordsDNCE\n|player|p2|\n", "inputlog": ">version b107d77f5c90bd6555267ae244a6264823309ead\n>start {\"formatid\":\"gen9randombattle\",\"seed\":[21532,61647,30287,58589],\"rated\":\"Rated battle\"}\n>player p1 {\"name\":\"barQuim\",\"avatar\":\"blue\",\"rating\":1532,\"seed\":[43621,44182,13504,61103]}\n>player p2 {\"name\":\"SwordsDNCE\",\"avatar\":\"266\",\"rating\":1497,\"seed\":[14829,33074,5386,51862]}\n>p1 move swordsdance\n>p2 switch 5\n>p1 move wildcharge\n>p2 move stickyweb\n>p1 move wildcharge\n>p2 move circlethrow\n>p2 switch 3\n>p1 move wildcharge\n>p2 move psyshock\n>p2 switch 5\n>p1 move drainpunch\n>p2 move highhorsepower\n>forcelose p2", "uploadtime": 1732957756, "views": 8, "formatid": "gen9randombattle", "rating": 1479, "private": 0, "password": null}