{"id": "gen9randombattle-2254175165", "format": "[Gen 9] Random Battle", "players": ["Aureum_0", "mishisad"], "log": "|j|\u2606Aureum_0\n|j|\u2606mishisad\n|t:|1733000524\n|gametype|singles\n|player|p1|Aureum_0|2|1368\n|player|p2|mishisad|thorton|1372\n|teamsize|p1|6\n|teamsize|p2|6\n|gen|9\n|tier|[Gen 9] Random Battle\n|rated|\n|rule|Species Clause: Limit one of each Pok\u00e9mon\n|rule|HP Percentage Mod: HP is shown in percentages\n|rule|Sleep Clause Mod: Limit one foe put to sleep\n|rule|Illusion Level Mod: Illusion disguises the Pok\u00e9mon's true level\n|\n|t:|1733000524\n|start\n|switch|p1a: Shaymin|Shaymin-Sky, L73|266/266\n|switch|p2a: Excadrill|Excadrill, L80, M|307/307\n|-ability|p2a: Excadrill|Mold Breaker\n|turn|1\n|\n|t:|1733000537\n|switch|p2a: Magmortar|Magmortar, L88, M|275/275\n|move|p1a: Shaymin|Earth Power|p2a: Magmortar\n|-supereffective|p2a: Magmortar\n|-damage|p2a: Magmortar|165/275\n|\n|upkeep\n|turn|2\n|\n|t:|1733000545\n|move|p1a: Shaymin|Air Slash|p2a: Magmortar\n|-damage|p2a: Magmortar|95/275\n|cant|p2a: Magmortar|flinch\n|\n|upkeep\n|turn|3\n|\n|t:|1733000549\n|move|p1a: Shaymin|Air Slash|p2a: Magmortar\n|-damage|p2a: Magmortar|28/275\n|move|p2a: Magmortar|Fire Blast|p1a: Shaymin|[miss]\n|-miss|p2a: Magmortar|p1a: Shaymin\n|\n|upkeep\n|turn|4\n|-message|mishisad forfeited.\n|\n|win|Aureum_0\n|raw|Aureum_0's rating: 1368 &rarr; <strong>1388</strong><br />(+20 for winning)\n|raw|mishisad's rating: 1372 &rarr; <strong>1352</strong><br />(-20 for losing)\n|l|\u2606mishisad\n|player|p2|\n", "inputlog": ">version b107d77f5c90bd6555267ae244a6264823309ead\n>start {\"formatid\":\"gen9randombattle\",\"seed\":[52452,56482,41553,43918],\"rated\":\"Rated battle\"}\n>player p1 {\"name\":\"Aureum_0\",\"avatar\":\"2\",\"rating\":1368,\"seed\":[51322,1837,64478,51508]}\n>player p2 {\"name\":\"mishisad\",\"avatar\":\"thorton\",\"rating\":1372,\"seed\":[51573,1033,49259,20776]}\n>p1 move earthpower\n>p2 switch 2\n>p1 move airslash\n>p2 move fireblast\n>p1 move airslash\n>p2 move fireblast\n>forcelose p2", "uploadtime": 1733000558, "views": 13, "formatid": "gen9randombattle", "rating": 1352, "private": 0, "password": null}