{"id": "gen9randombattle-2254068249", "format": "[Gen 9] Random Battle", "players": ["jorentie", "SkillAndPatience"], "log": "|j|\u2606jorentie\n|j|\u2606SkillAndPatience\n|t:|1732987269\n|gametype|singles\n|player|p1|jorentie|169|1150\n|player|p2|SkillAndPatience|bugcatcher-gen4dp|1173\n|teamsize|p1|6\n|teamsize|p2|6\n|gen|9\n|tier|[Gen 9] Random Battle\n|rated|\n|rule|Species Clause: Limit one of each Pok\u00e9mon\n|rule|HP Percentage Mod: HP is shown in percentages\n|rule|Sleep Clause Mod: Limit one foe put to sleep\n|rule|Illusion Level Mod: Illusion disguises the Pok\u00e9mon's true level\n|\n|t:|1732987269\n|start\n|switch|p1a: Blastoise|Blastoise, L80, M|258/258\n|switch|p2a: Arceus|Arceus, L68|276/276\n|turn|1\n|inactive|Battle timer is ON: inactive players will automatically lose when time's up. (requested by SkillAndPatience)\n|\n|t:|1732987313\n|switch|p1a: Copperajah|Copperajah, L86, M|350/350\n|-terastallize|p2a: Arceus|Ghost\n|move|p2a: Arceus|Swords Dance|p2a: Arceus\n|-boost|p2a: Arceus|atk|2\n|\n|upkeep\n|turn|2\n|\n|t:|1732987322\n|move|p2a: Arceus|Shadow Claw|p1a: Copperajah\n|-damage|p1a: Copperajah|215/350\n|move|p1a: Copperajah|Play Rough|p2a: Arceus\n|-damage|p2a: Arceus|145/276\n|\n|-heal|p2a: Arceus|162/276|[from] item: Leftovers\n|upkeep\n|turn|3\n|\n|t:|1732987330\n|move|p2a: Arceus|Extreme Speed|p1a: Copperajah\n|-resisted|p1a: Copperajah\n|-damage|p1a: Copperajah|135/350\n|move|p1a: Copperajah|Rock Slide|p2a: Arceus\n|-damage|p2a: Arceus|49/276\n|\n|-heal|p2a: Arceus|66/276|[from] item: Leftovers\n|upkeep\n|turn|4\n|\n|t:|1732987338\n|move|p2a: Arceus|Recover|p2a: Arceus\n|-heal|p2a: Arceus|204/276\n|move|p1a: Copperajah|Rock Slide|p2a: Arceus|[miss]\n|-miss|p1a: Copperajah|p2a: Arceus\n|\n|-heal|p2a: Arceus|221/276|[from] item: Leftovers\n|upkeep\n|turn|5\n|\n|t:|1732987344\n|move|p2a: Arceus|Shadow Claw|p1a: Copperajah\n|-crit|p1a: Copperajah\n|-damage|p1a: Copperajah|0 fnt\n|faint|p1a: Copperajah\n|\n|-heal|p2a: Arceus|238/276|[from] item: Leftovers\n|upkeep\n|\n|t:|1732987353\n|switch|p1a: Maushold|Maushold, L76|238/238\n|turn|6\n|\n|t:|1732987360\n|move|p1a: Maushold|Tidy Up|p1a: Maushold\n|-boost|p1a: Maushold|atk|1\n|-boost|p1a: Maushold|spe|1\n|move|p2a: Arceus|Swords Dance|p2a: Arceus\n|-boost|p2a: Arceus|atk|2\n|\n|-heal|p2a: Arceus|255/276|[from] item: Leftovers\n|upkeep\n|turn|7\n|\n|t:|1732987365\n|move|p2a: Arceus|Extreme Speed|p1a: Maushold\n|-damage|p1a: Maushold|0 fnt\n|faint|p1a: Maushold\n|\n|-heal|p2a: Arceus|272/276|[from] item: Leftovers\n|upkeep\n|-message|jorentie forfeited.\n|\n|win|SkillAndPatience\n|raw|jorentie's rating: 1150 &rarr; <strong>1127</strong><br />(-23 for losing)\n|raw|SkillAndPatience's rating: 1173 &rarr; <strong>1196</strong><br />(+23 for winning)\n|l|\u2606jorentie\n|player|p1|\n", "inputlog": ">version b107d77f5c90bd6555267ae244a6264823309ead\n>start {\"formatid\":\"gen9randombattle\",\"seed\":[47872,56999,27948,23246],\"rated\":\"Rated battle\"}\n>player p1 {\"name\":\"jorentie\",\"avatar\":\"169\",\"rating\":1150,\"seed\":[29514,49175,1144,14665]}\n>player p2 {\"name\":\"SkillAndPatience\",\"avatar\":\"bugcatcher-gen4dp\",\"rating\":1173,\"seed\":[15383,24325,26631,55217]}\n>p1 switch 4\n>p2 move swordsdance terastallize\n>p1 move playrough\n>p2 move shadowclaw\n>p1 move rockslide\n>p2 move extremespeed\n>p1 move rockslide\n>p2 move recover\n>p1 move ironhead\n>p2 move shadowclaw\n>p1 switch 6\n>p1 move tidyup\n>p2 move swordsdance\n>p1 move bite\n>p2 move extremespeed\n>forcelose p1", "uploadtime": 1732987377, "views": 3, "formatid": "gen9randombattle", "rating": 1127, "private": 0, "password": null}