{"id": "gen9randombattle-2253791562", "format": "[Gen 9] Random Battle", "players": ["DMBubba", "nugtrier1"], "log": "|j|\u2606DMBubba\n|j|\u2606nugtrier1\n|t:|1732938868\n|gametype|singles\n|player|p1|DMBubba|colress|1439\n|player|p2|nugtrier1|266|1386\n|teamsize|p1|6\n|teamsize|p2|6\n|gen|9\n|tier|[Gen 9] Random Battle\n|rated|\n|rule|Species Clause: Limit one of each Pok\u00e9mon\n|rule|HP Percentage Mod: HP is shown in percentages\n|rule|Sleep Clause Mod: Limit one foe put to sleep\n|rule|Illusion Level Mod: Illusion disguises the Pok\u00e9mon's true level\n|\n|t:|1732938868\n|start\n|switch|p1a: Ogerpon|Ogerpon-Cornerstone, L76, F|247/247\n|switch|p2a: Milotic|Milotic, L83, M|293/293\n|turn|1\n|inactive|Battle timer is ON: inactive players will automatically lose when time's up. (requested by DMBubba)\n|\n|t:|1732938886\n|switch|p2a: Arbok|Arbok, L87, M|246/246\n|-ability|p2a: Arbok|Intimidate|boost\n|-unboost|p1a: Ogerpon|atk|1\n|move|p1a: Ogerpon|Swords Dance|p1a: Ogerpon\n|-boost|p1a: Ogerpon|atk|2\n|\n|upkeep\n|turn|2\n|\n|t:|1732938896\n|move|p1a: Ogerpon|Ivy Cudgel|p2a: Arbok|[anim] Ivy Cudgel Rock\n|-damage|p2a: Arbok|38/246\n|move|p2a: Arbok|Coil|p2a: Arbok\n|-boost|p2a: Arbok|atk|1\n|-boost|p2a: Arbok|def|1\n|-boost|p2a: Arbok|accuracy|1\n|\n|upkeep\n|turn|3\n|-message|nugtrier1 forfeited.\n|\n|win|DMBubba\n|raw|DMBubba's rating: 1439 &rarr; <strong>1456</strong><br />(+17 for winning)\n|raw|nugtrier1's rating: 1386 &rarr; <strong>1369</strong><br />(-17 for losing)\n|l|\u2606nugtrier1\n|player|p2|\n", "inputlog": ">version b107d77f5c90bd6555267ae244a6264823309ead\n>start {\"formatid\":\"gen9randombattle\",\"seed\":[20708,48891,11421,49689],\"rated\":\"Rated battle\"}\n>player p1 {\"name\":\"DMBubba\",\"avatar\":\"colress\",\"rating\":1439,\"seed\":[35498,46754,44130,37925]}\n>player p2 {\"name\":\"nugtrier1\",\"avatar\":\"266\",\"rating\":1386,\"seed\":[64590,17740,52193,25322]}\n>p1 move swordsdance\n>p2 switch 3\n>p1 move ivycudgel\n>p2 move coil\n>forcelose p2", "uploadtime": 1732938902, "views": 14, "formatid": "gen9randombattle", "rating": 1369, "private": 0, "password": null}