{"id": "gen9randombattle-2253807722", "format": "[Gen 9] Random Battle", "players": ["Horse95", "harrimarron 2"], "log": "|j|\u2606Horse95\n|j|\u2606harrimarron 2\n|t:|1732941343\n|gametype|singles\n|player|p1|Horse95|colress-gen7|1551\n|player|p2|harrimarron 2|dancer|1507\n|teamsize|p1|6\n|teamsize|p2|6\n|gen|9\n|tier|[Gen 9] Random Battle\n|rated|\n|rule|Species Clause: Limit one of each Pok\u00e9mon\n|rule|HP Percentage Mod: HP is shown in percentages\n|rule|Sleep Clause Mod: Limit one foe put to sleep\n|rule|Illusion Level Mod: Illusion disguises the Pok\u00e9mon's true level\n|\n|t:|1732941343\n|start\n|switch|p1a: Delibird|Delibird, F|252/252\n|switch|p2a: Zekrom|Zekrom, L71|259/259\n|-ability|p2a: Zekrom|Teravolt\n|turn|1\n|c|\u2606harrimarron 2|BOLT STRIKE!!\n|\n|t:|1732941384\n|move|p1a: Delibird|Ice Spinner|p2a: Zekrom\n|-supereffective|p2a: Zekrom\n|-damage|p2a: Zekrom|41/259\n|move|p2a: Zekrom|Dragon Dance|p2a: Zekrom\n|-boost|p2a: Zekrom|atk|1\n|-boost|p2a: Zekrom|spe|1\n|\n|-heal|p2a: Zekrom|57/259|[from] item: Leftovers\n|upkeep\n|turn|2\n|inactive|Battle timer is ON: inactive players will automatically lose when time's up. (requested by Horse95)\n|\n|t:|1732941397\n|move|p1a: Delibird|Ice Shard|p2a: Zekrom\n|-supereffective|p2a: Zekrom\n|-damage|p2a: Zekrom|0 fnt\n|faint|p2a: Zekrom\n|\n|upkeep\n|\n|t:|1732941408\n|switch|p2a: Rampardos|Rampardos, L90, F|321/321\n|turn|3\n|\n|t:|1732941421\n|switch|p1a: Medicham|Medicham, L86, M|243/243\n|move|p2a: Rampardos|Rock Slide|p1a: Medicham|[miss]\n|-miss|p2a: Rampardos|p1a: Medicham\n|\n|upkeep\n|turn|4\n|inactive|harrimarron 2 has 120 seconds left.\n|inactive|harrimarron 2 has 90 seconds left.\n|inactive|harrimarron 2 has 60 seconds left.\n|inactive|harrimarron 2 has 30 seconds left.\n|inactive|harrimarron 2 has 20 seconds left.\n|-message|harrimarron 2 forfeited.\n|\n|win|Horse95\n|inactive|harrimarron 2 has 25 seconds left this turn.\n|raw|Horse95's rating: 1551 &rarr; <strong>1568</strong><br />(+17 for winning)\n|raw|harrimarron 2's rating: 1507 &rarr; <strong>1490</strong><br />(-17 for losing)\n|l|\u2606harrimarron 2\n|player|p2|\n", "inputlog": ">version b107d77f5c90bd6555267ae244a6264823309ead\n>start {\"formatid\":\"gen9randombattle\",\"seed\":[30917,42405,10369,32589],\"rated\":\"Rated battle\"}\n>player p1 {\"name\":\"Horse95\",\"avatar\":\"colress-gen7\",\"rating\":1551,\"seed\":[10596,35254,3759,57684]}\n>player p2 {\"name\":\"harrimarron 2\",\"avatar\":\"dancer\",\"rating\":1507,\"seed\":[35158,63855,9601,11302]}\n>chat \u2606harrimarron 2|BOLT STRIKE!!\n>p1 move icespinner\n>p2 move dragondance\n>p1 move iceshard\n>p2 move boltstrike\n>p2 switch 6\n>p1 switch 2\n>p2 move rockslide\n>forcelose p2", "uploadtime": 1732941556, "views": 33, "formatid": "gen9randombattle", "rating": 1490, "private": 0, "password": null}