{"id": "gen9randombattle-2253852743", "format": "[Gen 9] Random Battle", "players": ["krabsolfurretisme", "Sike1"], "log": "|j|\u2606krabsolfurretisme\n|j|\u2606Sike1\n|t:|1732949182\n|gametype|singles\n|player|p1|krabsolfurretisme|gentleman|1404\n|player|p2|Sike1|cynthia-gen7|1383\n|teamsize|p1|6\n|teamsize|p2|6\n|gen|9\n|tier|[Gen 9] Random Battle\n|rated|\n|rule|Species Clause: Limit one of each Pok\u00e9mon\n|rule|HP Percentage Mod: HP is shown in percentages\n|rule|Sleep Clause Mod: Limit one foe put to sleep\n|rule|Illusion Level Mod: Illusion disguises the Pok\u00e9mon's true level\n|\n|t:|1732949182\n|start\n|switch|p1a: Skarmory|Skarmory, L80, F|235/235\n|switch|p2a: Corviknight|Corviknight, L80, F|288/288\n|-ability|p2a: Corviknight|Pressure\n|turn|1\n|inactive|Battle timer is ON: inactive players will automatically lose when time's up. (requested by krabsolfurretisme)\n|\n|t:|1732949196\n|move|p1a: Skarmory|Iron Defense|p1a: Skarmory\n|-boost|p1a: Skarmory|def|2\n|move|p2a: Corviknight|Body Press|p1a: Skarmory\n|-damage|p1a: Skarmory|216/235\n|\n|-heal|p1a: Skarmory|230/235|[from] item: Leftovers\n|upkeep\n|turn|2\n|\n|t:|1732949215\n|switch|p2a: Wugtrio|Wugtrio, L91, M|212/212\n|move|p1a: Skarmory|Iron Defense|p1a: Skarmory\n|-boost|p1a: Skarmory|def|2\n|\n|-heal|p1a: Skarmory|235/235|[from] item: Leftovers\n|upkeep\n|turn|3\n|\n|t:|1732949226\n|switch|p2a: Corviknight|Corviknight, L80, F|288/288\n|-ability|p2a: Corviknight|Pressure\n|move|p1a: Skarmory|Body Press|p2a: Corviknight\n|-damage|p2a: Corviknight|106/288\n|-damage|p1a: Skarmory|196/235|[from] item: Rocky Helmet|[of] p2a: Corviknight\n|\n|-heal|p1a: Skarmory|210/235|[from] item: Leftovers\n|upkeep\n|turn|4\n|\n|t:|1732949229\n|move|p1a: Skarmory|Body Press|p2a: Corviknight\n|-damage|p2a: Corviknight|0 fnt\n|-damage|p1a: Skarmory|171/235|[from] item: Rocky Helmet|[of] p2a: Corviknight\n|faint|p2a: Corviknight\n|\n|-heal|p1a: Skarmory|185/235|[from] item: Leftovers\n|upkeep\n|\n|t:|1732949240\n|switch|p2a: Kingdra|Kingdra, L84, M|263/263\n|turn|5\n|-message|Sike1 forfeited.\n|\n|win|krabsolfurretisme\n|raw|krabsolfurretisme's rating: 1404 &rarr; <strong>1423</strong><br />(+19 for winning)\n|raw|Sike1's rating: 1383 &rarr; <strong>1364</strong><br />(-19 for losing)\n|l|\u2606Sike1\n|player|p2|\n|c|\u2606krabsolfurretisme|gg\n", "inputlog": ">version b107d77f5c90bd6555267ae244a6264823309ead\n>start {\"formatid\":\"gen9randombattle\",\"seed\":[20165,65006,60075,29086],\"rated\":\"Rated battle\"}\n>player p1 {\"name\":\"krabsolfurretisme\",\"avatar\":\"gentleman\",\"rating\":1404,\"seed\":[40886,51869,20450,12027]}\n>player p2 {\"name\":\"Sike1\",\"avatar\":\"cynthia-gen7\",\"rating\":1383,\"seed\":[32540,23621,62210,51586]}\n>p1 move irondefense\n>p2 move bodypress\n>p1 move irondefense\n>p2 switch 5\n>p1 move bodypress\n>p2 switch 5\n>p1 move bodypress\n>p2 move defog\n>p2 switch 4\n>forcelose p2", "uploadtime": 1732949255, "views": 1, "formatid": "gen9randombattle", "rating": 1364, "private": 0, "password": null}