{"id": "gen9randombattle-2260521971", "format": "[Gen 9] Random Battle", "players": ["GymLeaderAtom", "riverrhodes"], "log": "|j|\u2606GymLeaderAtom\n|j|\u2606riverrhodes\n|t:|1733859735\n|gametype|singles\n|player|p1|GymLeaderAtom|yellow|1521\n|player|p2|riverrhodes|waiter-gen4dp|1482\n|teamsize|p1|6\n|teamsize|p2|6\n|gen|9\n|tier|[Gen 9] Random Battle\n|rated|\n|rule|Species Clause: Limit one of each Pok\u00e9mon\n|rule|HP Percentage Mod: HP is shown in percentages\n|rule|Sleep Clause Mod: Limit one foe put to sleep\n|rule|Illusion Level Mod: Illusion disguises the Pok\u00e9mon's true level\n|\n|t:|1733859735\n|start\n|switch|p1a: Garganacl|Garganacl, L80, F|291/291\n|switch|p2a: Froslass|Froslass, L87, F|263/263\n|turn|1\n|inactive|Battle timer is ON: inactive players will automatically lose when time's up. (requested by GymLeaderAtom)\n|c|\u2606GymLeaderAtom|May the best win\n|c|\u2606GymLeaderAtom|Good luck\n|c|\u2606GymLeaderAtom|Have fun\n|-message|riverrhodes forfeited.\n|\n|win|GymLeaderAtom\n|raw|GymLeaderAtom's rating: 1521 &rarr; <strong>1539</strong><br />(+18 for winning)\n|raw|riverrhodes's rating: 1482 &rarr; <strong>1464</strong><br />(-18 for losing)\n|l|\u2606riverrhodes\n|player|p2|\n|c|\u2606GymLeaderAtom|Okay\n", "inputlog": ">version bfd83cad13791eb5a5a409923076391caf6fb4d4\n>start {\"formatid\":\"gen9randombattle\",\"seed\":[16694,65169,61020,21764],\"rated\":\"Rated battle\"}\n>player p1 {\"name\":\"GymLeaderAtom\",\"avatar\":\"yellow\",\"rating\":1521,\"seed\":[46706,27517,9141,6116]}\n>player p2 {\"name\":\"riverrhodes\",\"avatar\":\"waiter-gen4dp\",\"rating\":1482,\"seed\":[1585,19582,37717,4754]}\n>chat \u2606GymLeaderAtom|May the best win\n>chat \u2606GymLeaderAtom|Good luck\n>chat \u2606GymLeaderAtom|Have fun\n>forcelose p2", "uploadtime": 1733859755, "views": 2, "formatid": "gen9randombattle", "rating": 1464, "private": 0, "password": null}