{"id": "gen9randombattle-2260829305", "format": "[Gen 9] Random Battle", "players": ["RoboWahbit", "Necrophoss"], "log": "|j|\u2606RoboWahbit\n|j|\u2606Necrophoss\n|t:|1733899766\n|gametype|singles\n|player|p1|RoboWahbit|101|1151\n|player|p2|Necrophoss|169|1124\n|teamsize|p1|6\n|teamsize|p2|6\n|gen|9\n|tier|[Gen 9] Random Battle\n|rated|\n|rule|Species Clause: Limit one of each Pok\u00e9mon\n|rule|HP Percentage Mod: HP is shown in percentages\n|rule|Sleep Clause Mod: Limit one foe put to sleep\n|rule|Illusion Level Mod: Illusion disguises the Pok\u00e9mon's true level\n|\n|t:|1733899766\n|start\n|switch|p1a: Toxtricity|Toxtricity, L82, F|257/257\n|switch|p2a: Hypno|Hypno, L95, M|315/315\n|turn|1\n|c|\u2606RoboWahbit|hf\n|inactive|Battle timer is ON: inactive players will automatically lose when time's up. (requested by RoboWahbit)\n|\n|t:|1733899775\n|move|p1a: Toxtricity|Volt Switch|p2a: Hypno\n|-damage|p2a: Hypno|261/315\n|\n|t:|1733899776\n|switch|p1a: Chi-Yu|Chi-Yu, L77|211/211|[from] Volt Switch\n|-ability|p1a: Chi-Yu|Beads of Ruin\n|move|p2a: Hypno|Psychic Noise|p1a: Chi-Yu\n|-immune|p1a: Chi-Yu\n|\n|-heal|p2a: Hypno|280/315|[from] item: Leftovers\n|upkeep\n|turn|2\n|inactive|Necrophoss has 120 seconds left.\n|\n|t:|1733899820\n|move|p1a: Chi-Yu|Nasty Plot|p1a: Chi-Yu\n|-boost|p1a: Chi-Yu|spa|2\n|move|p2a: Hypno|Toxic|p1a: Chi-Yu\n|-status|p1a: Chi-Yu|tox\n|\n|-heal|p2a: Hypno|299/315|[from] item: Leftovers\n|-damage|p1a: Chi-Yu|198/211 tox|[from] psn\n|upkeep\n|turn|3\n|\n|t:|1733899824\n|move|p2a: Hypno|Protect|p2a: Hypno\n|-singleturn|p2a: Hypno|Protect\n|move|p1a: Chi-Yu|Dark Pulse|p2a: Hypno\n|-activate|p2a: Hypno|move: Protect\n|\n|-heal|p2a: Hypno|315/315|[from] item: Leftovers\n|-damage|p1a: Chi-Yu|172/211 tox|[from] psn\n|upkeep\n|turn|4\n|inactive|Necrophoss has 120 seconds left.\n|\n|t:|1733899860\n|switch|p2a: Phione|Phione, L91|293/293\n|move|p1a: Chi-Yu|Dark Pulse|p2a: Phione\n|-damage|p2a: Phione|46/293\n|\n|-heal|p2a: Phione|64/293|[from] item: Leftovers\n|-damage|p1a: Chi-Yu|133/211 tox|[from] psn\n|upkeep\n|turn|5\n|inactive|Necrophoss has 90 seconds left.\n|\n|t:|1733899881\n|move|p1a: Chi-Yu|Dark Pulse|p2a: Phione\n|-damage|p2a: Phione|0 fnt\n|faint|p2a: Phione\n|\n|-damage|p1a: Chi-Yu|81/211 tox|[from] psn\n|upkeep\n|\n|t:|1733899901\n|switch|p2a: Gliscor|Gliscor, L76, F|239/239\n|turn|6\n|\n|t:|1733899904\n|move|p2a: Gliscor|Protect|p2a: Gliscor\n|-singleturn|p2a: Gliscor|Protect\n|move|p1a: Chi-Yu|Dark Pulse|p2a: Gliscor\n|-activate|p2a: Gliscor|move: Protect\n|\n|-damage|p1a: Chi-Yu|16/211 tox|[from] psn\n|-status|p2a: Gliscor|tox|[from] item: Toxic Orb\n|upkeep\n|turn|7\n|\n|t:|1733899909\n|move|p1a: Chi-Yu|Dark Pulse|p2a: Gliscor\n|-damage|p2a: Gliscor|0 fnt\n|faint|p2a: Gliscor\n|\n|-damage|p1a: Chi-Yu|0 fnt|[from] psn\n|faint|p1a: Chi-Yu\n|upkeep\n|-message|Necrophoss forfeited.\n|\n|win|RoboWahbit\n|raw|RoboWahbit's rating: 1151 &rarr; <strong>1174</strong><br />(+23 for winning)\n|raw|Necrophoss's rating: 1124 &rarr; <strong>1101</strong><br />(-23 for losing)\n|l|\u2606Necrophoss\n|player|p2|\n|c|\u2606RoboWahbit|gg\n", "inputlog": ">version bfd83cad13791eb5a5a409923076391caf6fb4d4\n>start {\"formatid\":\"gen9randombattle\",\"seed\":[5961,42193,4282,42983],\"rated\":\"Rated battle\"}\n>player p1 {\"name\":\"RoboWahbit\",\"avatar\":\"101\",\"rating\":1151,\"seed\":[16526,15823,5961,13668]}\n>player p2 {\"name\":\"Necrophoss\",\"avatar\":\"169\",\"rating\":1124,\"seed\":[18251,13665,54071,19158]}\n>chat \u2606RoboWahbit|hf\n>p1 move voltswitch\n>p2 move psychicnoise\n>p1 switch 2\n>p1 move nastyplot\n>p2 move toxic\n>p1 move darkpulse\n>p2 move protect\n>p1 move darkpulse\n>p2 switch 4\n>p1 move darkpulse\n>p2 move scald\n>p2 switch 3\n>p1 move darkpulse\n>p2 move protect\n>p1 move darkpulse\n>p2 move substitute\n>forcelose p2", "uploadtime": 1733899913, "views": 1, "formatid": "gen9randombattle", "rating": 1101, "private": 0, "password": null}