{"id": "gen9randombattle-2259976688", "format": "[Gen 9] Random Battle", "players": ["Skitty912", "RJOE133"], "log": "|j|\u2606Skitty912\n|j|\u2606RJOE133\n|t:|1733786551\n|gametype|singles\n|player|p1|Skitty912|265|1132\n|player|p2|RJOE133|cress|1127\n|teamsize|p1|6\n|teamsize|p2|6\n|gen|9\n|tier|[Gen 9] Random Battle\n|rated|\n|rule|Species Clause: Limit one of each Pok\u00e9mon\n|rule|HP Percentage Mod: HP is shown in percentages\n|rule|Sleep Clause Mod: Limit one foe put to sleep\n|rule|Illusion Level Mod: Illusion disguises the Pok\u00e9mon's true level\n|\n|t:|1733786551\n|start\n|switch|p1a: Ninetales|Ninetales-Alola, L78, M|242/242\n|switch|p2a: Passimian|Passimian, L83, M|302/302\n|-weather|Snow|[from] ability: Snow Warning|[of] p1a: Ninetales\n|turn|1\n|inactive|Battle timer is ON: inactive players will automatically lose when time's up. (requested by RJOE133)\n|-message|Skitty912 forfeited.\n|\n|win|RJOE133\n|raw|Skitty912's rating: 1132 &rarr; <strong>1107</strong><br />(-25 for losing)\n|raw|RJOE133's rating: 1127 &rarr; <strong>1152</strong><br />(+25 for winning)\n|l|\u2606Skitty912\n|player|p1|\n|c|\u2606RJOE133|Wait what\n", "inputlog": ">version bfd83cad13791eb5a5a409923076391caf6fb4d4\n>start {\"formatid\":\"gen9randombattle\",\"seed\":[55226,52831,42900,12414],\"rated\":\"Rated battle\"}\n>player p1 {\"name\":\"Skitty912\",\"avatar\":\"265\",\"rating\":1132,\"seed\":[46673,1264,31583,44933]}\n>player p2 {\"name\":\"RJOE133\",\"avatar\":\"cress\",\"rating\":1127,\"seed\":[1225,37080,48053,58533]}\n>forcelose p1", "uploadtime": 1733786587, "views": 1, "formatid": "gen9randombattle", "rating": 1107, "private": 0, "password": null}