{"id": "gen9randombattle-2260334008", "format": "[Gen 9] Random Battle", "players": ["paysa", "Star Wheel"], "log": "|badge|p1|silver|gen9randombattle|30-3\n|uhtml|medal-msg|<div class=\"broadcast-blue\">Curious what those medals under the avatar are? PS now has Ladder Seasons! For more information, check out the <a href=\"https://www.smogon.com/forums/threads/3740067/\">thread on Smogon.</a></div>\n|badge|p2|gold|gen9randombattle|3-3\n|uhtml|medal-msg|<div class=\"broadcast-blue\">Curious what those medals under the avatar are? PS now has Ladder Seasons! For more information, check out the <a href=\"https://www.smogon.com/forums/threads/3740067/\">thread on Smogon.</a></div>\n|j|\u2606paysa\n|j|\u2606Star Wheel\n|t:|1733841088\n|gametype|singles\n|player|p1|paysa|lucas|2418\n|player|p2|Star Wheel|darach-caitlin|2450\n|teamsize|p1|6\n|teamsize|p2|6\n|gen|9\n|tier|[Gen 9] Random Battle\n|rated|\n|rule|Species Clause: Limit one of each Pok\u00e9mon\n|rule|HP Percentage Mod: HP is shown in percentages\n|rule|Sleep Clause Mod: Limit one foe put to sleep\n|rule|Illusion Level Mod: Illusion disguises the Pok\u00e9mon's true level\n|\n|t:|1733841088\n|start\n|switch|p1a: Espeon|Espeon, L84, M|246/246\n|switch|p2a: Pawmot|Pawmot, L80, F|243/243\n|turn|1\n|inactive|Battle timer is ON: inactive players will automatically lose when time's up. (requested by paysa)\n|inactive|Star Wheel also wants the timer to be on.\n|inactive|paysa has 120 seconds left.\n|\n|t:|1733841134\n|switch|p1a: Mudsdale|Mudsdale, L84, F|305/305\n|switch|p2a: Scizor|Scizor, L79, F|240/240\n|\n|upkeep\n|turn|2\n|\n|t:|1733841141\n|move|p2a: Scizor|Knock Off|p1a: Mudsdale\n|-damage|p1a: Mudsdale|232/305\n|-ability|p1a: Mudsdale|Stamina|boost\n|-boost|p1a: Mudsdale|def|1\n|-enditem|p1a: Mudsdale|Leftovers|[from] move: Knock Off|[of] p2a: Scizor\n|move|p1a: Mudsdale|Stealth Rock|p2a: Scizor\n|-sidestart|p2: Star Wheel|move: Stealth Rock\n|\n|upkeep\n|turn|3\n|\n|t:|1733841151\n|move|p2a: Scizor|U-turn|p1a: Mudsdale\n|-damage|p1a: Mudsdale|183/305\n|-ability|p1a: Mudsdale|Stamina|boost\n|-boost|p1a: Mudsdale|def|1\n|\n|t:|1733841154\n|switch|p2a: Gyarados|Gyarados, L79, F|280/280|[from] U-turn\n|-ability|p2a: Gyarados|Intimidate|boost\n|-unboost|p1a: Mudsdale|atk|1\n|move|p1a: Mudsdale|Earthquake|p2a: Gyarados\n|-immune|p2a: Gyarados\n|\n|upkeep\n|turn|4\n|\n|t:|1733841171\n|switch|p2a: Luvdisc|Luvdisc, F|247/247\n|move|p1a: Mudsdale|Roar|p2a: Luvdisc\n|drag|p2a: Reshiram|Reshiram, L76|277/277\n|-ability|p2a: Reshiram|Turboblaze\n|\n|upkeep\n|turn|5\n|inactive|Star Wheel has 120 seconds left.\n|\n|t:|1733841208\n|switch|p2a: Luvdisc|Luvdisc, F|247/247\n|switch|p1a: Ursaring|Ursaring, L84, F|288/288\n|\n|upkeep\n|turn|6\n|\n|t:|1733841223\n|move|p2a: Luvdisc|Substitute|p2a: Luvdisc\n|-start|p2a: Luvdisc|Substitute\n|-damage|p2a: Luvdisc|186/247\n|move|p1a: Ursaring|Body Slam|p2a: Luvdisc\n|-end|p2a: Luvdisc|Substitute\n|\n|upkeep\n|turn|7\n|\n|t:|1733841229\n|switch|p1a: Maushold|Maushold, L76|238/238\n|move|p2a: Luvdisc|Substitute|p2a: Luvdisc\n|-start|p2a: Luvdisc|Substitute\n|-damage|p2a: Luvdisc|125/247\n|\n|upkeep\n|turn|8\n|inactive|Star Wheel has 120 seconds left.\n|\n|t:|1733841241\n|move|p2a: Luvdisc|Surf|p1a: Maushold\n|-damage|p1a: Maushold|142/238\n|move|p1a: Maushold|Population Bomb|p2a: Luvdisc\n|-activate|p2a: Luvdisc|move: Substitute|[damage]\n|-activate|p2a: Luvdisc|move: Substitute|[damage]\n|-end|p2a: Luvdisc|Substitute\n|-damage|p2a: Luvdisc|95/247\n|-damage|p2a: Luvdisc|68/247\n|-damage|p2a: Luvdisc|40/247\n|-damage|p2a: Luvdisc|13/247\n|-damage|p2a: Luvdisc|0 fnt\n|faint|p2a: Luvdisc\n|-hitcount|p2: Luvdisc|8\n|\n|upkeep\n|\n|t:|1733841244\n|switch|p2a: Scizor|Scizor, L79, F|240/240\n|-damage|p2a: Scizor|210/240|[from] Stealth Rock\n|turn|9\n|\n|t:|1733841251\n|switch|p1a: Mudsdale|Mudsdale, L84, F|183/305\n|move|p2a: Scizor|Defog|p1a: Mudsdale\n|-unboost|p1a: Mudsdale|evasion|1\n|-sideend|p2: Star Wheel|Stealth Rock|[from] move: Defog|[of] p2a: Scizor\n|\n|-heal|p2a: Scizor|225/240|[from] item: Leftovers\n|upkeep\n|turn|10\n|\n|t:|1733841262\n|move|p2a: Scizor|U-turn|p1a: Mudsdale\n|-damage|p1a: Mudsdale|104/305\n|-ability|p1a: Mudsdale|Stamina|boost\n|-boost|p1a: Mudsdale|def|1\n|\n|t:|1733841264\n|switch|p2a: Gyarados|Gyarados, L79, F|280/280|[from] U-turn\n|-ability|p2a: Gyarados|Intimidate|boost\n|-unboost|p1a: Mudsdale|atk|1\n|move|p1a: Mudsdale|Stealth Rock|p2a: Gyarados\n|-sidestart|p2: Star Wheel|move: Stealth Rock\n|\n|upkeep\n|turn|11\n|\n|t:|1733841270\n|switch|p1a: Ursaring|Ursaring, L84, F|288/288\n|move|p2a: Gyarados|Waterfall|p1a: Ursaring\n|-damage|p1a: Ursaring|222/288\n|\n|upkeep\n|turn|12\n|\n|t:|1733841275\n|switch|p2a: Scizor|Scizor, L79, F|225/240\n|-damage|p2a: Scizor|195/240|[from] Stealth Rock\n|move|p1a: Ursaring|Body Slam|p2a: Scizor\n|-resisted|p2a: Scizor\n|-damage|p2a: Scizor|136/240\n|\n|-heal|p2a: Scizor|151/240|[from] item: Leftovers\n|upkeep\n|turn|13\n|\n|t:|1733841281\n|move|p2a: Scizor|Knock Off|p1a: Ursaring\n|-damage|p1a: Ursaring|163/288\n|-enditem|p1a: Ursaring|Eviolite|[from] move: Knock Off|[of] p2a: Scizor\n|move|p1a: Ursaring|Earthquake|p2a: Scizor\n|-damage|p2a: Scizor|64/240\n|\n|-heal|p2a: Scizor|79/240|[from] item: Leftovers\n|upkeep\n|turn|14\n|\n|t:|1733841288\n|move|p2a: Scizor|U-turn|p1a: Ursaring\n|-damage|p1a: Ursaring|73/288\n|\n|t:|1733841290\n|switch|p2a: Gyarados|Gyarados, L79, F|280/280|[from] U-turn\n|-ability|p2a: Gyarados|Intimidate|boost\n|-unboost|p1a: Ursaring|atk|1\n|move|p1a: Ursaring|Earthquake|p2a: Gyarados\n|-immune|p2a: Gyarados\n|\n|upkeep\n|turn|15\n|\n|t:|1733841302\n|switch|p1a: Mudsdale|Mudsdale, L84, F|104/305\n|move|p2a: Gyarados|Waterfall|p1a: Mudsdale\n|-supereffective|p1a: Mudsdale\n|-crit|p1a: Mudsdale\n|-damage|p1a: Mudsdale|0 fnt\n|faint|p1a: Mudsdale\n|\n|upkeep\n|j|+35Q71N\n|\n|t:|1733841306\n|switch|p1a: Maushold|Maushold, L76|142/238\n|turn|16\n|c|+35Q71N|Winner gets drafted for rbtt\n|c|\u2606Star Wheel|hmm\n|\n|t:|1733841332\n|move|p1a: Maushold|Tidy Up|p1a: Maushold\n|-sideend|p2: Star Wheel|Stealth Rock\n|-activate|p1a: Maushold|move: Tidy Up\n|-boost|p1a: Maushold|atk|1\n|-boost|p1a: Maushold|spe|1\n|move|p2a: Gyarados|Waterfall|p1a: Maushold\n|-damage|p1a: Maushold|16/238\n|\n|upkeep\n|turn|17\n|c|\u2606paysa|wow\n|\n|t:|1733841351\n|switch|p2a: Reshiram|Reshiram, L76|277/277\n|-ability|p2a: Reshiram|Turboblaze\n|move|p1a: Maushold|Population Bomb|p2a: Reshiram\n|-damage|p2a: Reshiram|243/277\n|-damage|p2a: Reshiram|212/277\n|-damage|p2a: Reshiram|176/277\n|-damage|p2a: Reshiram|143/277\n|-crit|p2a: Reshiram\n|-damage|p2a: Reshiram|89/277\n|-damage|p2a: Reshiram|55/277\n|-damage|p2a: Reshiram|21/277\n|-damage|p2a: Reshiram|0 fnt\n|faint|p2a: Reshiram\n|-hitcount|p2: Reshiram|8\n|\n|upkeep\n|\n|t:|1733841353\n|switch|p2a: Scizor|Scizor, L79, F|79/240\n|turn|18\n|\n|t:|1733841370\n|switch|p1a: Ursaring|Ursaring, L84, F|73/288\n|move|p2a: Scizor|Bullet Punch|p1a: Ursaring\n|-damage|p1a: Ursaring|0 fnt\n|faint|p1a: Ursaring\n|\n|-heal|p2a: Scizor|94/240|[from] item: Leftovers\n|upkeep\n|\n|t:|1733841387\n|switch|p1a: Flapple|Flapple, L88, M|266/266\n|turn|19\n|\n|t:|1733841399\n|move|p1a: Flapple|Outrage|p2a: Scizor\n|-resisted|p2a: Scizor\n|-damage|p2a: Scizor|0 fnt\n|faint|p2a: Scizor\n|\n|upkeep\n|\n|t:|1733841404\n|switch|p2a: Pawmot|Pawmot, L80, F|243/243\n|turn|20\n|\n|t:|1733841418\n|move|p2a: Pawmot|Ice Punch|p1a: Flapple\n|-supereffective|p1a: Flapple\n|-damage|p1a: Flapple|0 fnt\n|faint|p1a: Flapple\n|-damage|p2a: Pawmot|219/243|[from] item: Life Orb\n|\n|upkeep\n|inactive|paysa has 120 seconds left.\n|j| AshKetchumsPikachu\n|inactive|paysa has 90 seconds left.\n|c| AshKetchumsPikachu|omg its paysa\n|c| AshKetchumsPikachu|big fan\n|inactive|paysa has 60 seconds left.\n|inactive|paysa has 30 seconds left.\n|inactive|paysa has 20 seconds left.\n|\n|t:|1733841546\n|switch|p1a: Espeon|Espeon, L84, M|246/246\n|turn|21\n|inactive|paysa has 30 seconds left this turn.\n|\n|t:|1733841551\n|move|p1a: Espeon|Psyshock|p2a: Pawmot\n|-supereffective|p2a: Pawmot\n|-crit|p2a: Pawmot\n|-damage|p2a: Pawmot|0 fnt\n|faint|p2a: Pawmot\n|-damage|p1a: Espeon|222/246|[from] item: Life Orb\n|\n|upkeep\n|inactive|paysa has 30 seconds left this turn.\n|\n|t:|1733841576\n|switch|p2a: Lilligant|Lilligant, L86, F|261/261\n|turn|22\n|inactive|paysa has 30 seconds left.\n|\n|t:|1733841591\n|move|p1a: Espeon|Calm Mind|p1a: Espeon\n|-boost|p1a: Espeon|spa|1\n|-boost|p1a: Espeon|spd|1\n|move|p2a: Lilligant|Quiver Dance|p2a: Lilligant\n|-boost|p2a: Lilligant|spa|1\n|-boost|p2a: Lilligant|spd|1\n|-boost|p2a: Lilligant|spe|1\n|\n|upkeep\n|turn|23\n|inactive|paysa has 30 seconds left.\n|\n|t:|1733841600\n|-terastallize|p2a: Lilligant|Grass\n|move|p2a: Lilligant|Petal Dance|p1a: Espeon\n|-damage|p1a: Espeon|0 fnt\n|faint|p1a: Espeon\n|-damage|p2a: Lilligant|235/261|[from] item: Life Orb\n|\n|upkeep\n|inactive|paysa has 30 seconds left.\n|\n|t:|1733841613\n|switch|p1a: Bellossom|Bellossom, L84, F|263/263\n|turn|24\n|inactive|paysa has 30 seconds left.\n|c|\u2606paysa|damn thats strong as fuck\n|c|+35Q71N|Flower showdown\n|inactive|paysa has 20 seconds left.\n|\n|t:|1733841632\n|move|p2a: Lilligant|Petal Dance|p1a: Bellossom|[from]lockedmove\n|-resisted|p1a: Bellossom\n|-damage|p1a: Bellossom|93/263\n|-damage|p2a: Lilligant|209/261|[from] item: Life Orb\n|move|p1a: Bellossom|Quiver Dance|p1a: Bellossom\n|-boost|p1a: Bellossom|spa|1\n|-boost|p1a: Bellossom|spd|1\n|-boost|p1a: Bellossom|spe|1\n|\n|-heal|p1a: Bellossom|109/263|[from] item: Leftovers\n|upkeep\n|turn|25\n|inactive|paysa has 30 seconds left this turn.\n|c|\u2606paysa|bellossom is not chad enough unfortunately\n|inactive|Star Wheel has 120 seconds left.\n|\n|t:|1733841664\n|move|p2a: Lilligant|Petal Dance|p1a: Bellossom\n|-resisted|p1a: Bellossom\n|-damage|p1a: Bellossom|0 fnt\n|faint|p1a: Bellossom\n|-damage|p2a: Lilligant|183/261|[from] item: Life Orb\n|\n|upkeep\n|inactive|paysa has 30 seconds left this turn.\n|c|\u2606paysa|i should have calced tera grass dance, didnt expect espeon to die\n|c|\u2606paysa|gg\n|-message|paysa forfeited.\n|\n|win|Star Wheel\n|inactive|paysa has 30 seconds left this turn.\n|raw|paysa's rating: 2418 &rarr; <strong>2400</strong><br />(-18 for losing)\n|raw|Star Wheel's rating: 2450 &rarr; <strong>2468</strong><br />(+18 for winning)\n|c|\u2606Star Wheel|gg\n|l|\u2606paysa\n|player|p1|\n|c|\u2606Star Wheel|yay I'm getting drafted\n|c|+35Q71N|:D\n|c|+35Q71N|Not by me though\n|c|\u2606Star Wheel|aw\n|c|+35Q71N|I won't manage rbtt\n|c| AshKetchumsPikachu|im confused\n|c|+35Q71N|Hopefully you'll be drafted by others\n|c| AshKetchumsPikachu|you guys were battling to see who gets drafted?\n|c|\u2606Star Wheel|nah\n|c|\u2606Star Wheel|it was a joke\n|c|\u2606Star Wheel|paysa been farming me the last few times we played tho\n|c|\u2606Star Wheel|never seen a luckier player\n|c|+35Q71N|:c\n|c| AshKetchumsPikachu|amazing\n|c|\u2606Star Wheel|like this is the first time in 5 games where I haven't gotten frozen or crit at the perfect time\n|c|+35Q71N|Oof\n|c|+35Q71N|You had better luck here though\n|c|\u2606Star Wheel|true\n|c|\u2606Star Wheel|not really tho\n|c|\u2606Star Wheel|just made good reads\n|j| Iceman8911\n|c|+35Q71N|Well\n|c|+35Q71N|The good luck was not having bad luck :D\n|c|\u2606Star Wheel|:)\n|c|\u2606Star Wheel|think top of ladder with 90 gxe is good enough for rbtt?\n|c|\u2606Star Wheel|in 2 formats?\n|c|+35Q71N|Yes\n|c|+35Q71N|Maybe\n|c|\u2606Star Wheel|lol\n|c|\u2606Star Wheel|rip\n|c|+35Q71N|You shall do tryouts\n|c|+35Q71N|Then agan, you are now known from ladder and room tours\n|c|+35Q71N|Which is great!\n|c|\u2606Star Wheel|so a we'll see thing then\n|c|+35Q71N|Yes\n|c|+35Q71N|Always :p\n|c|\u2606Star Wheel|:)\n|c|+35Q71N|Gl in next o7\n|c|\u2606Star Wheel|ty\n|c|\u2606Star Wheel|catch ya later\n|l|\u2606Star Wheel\n|player|p2|\n|j|\u2606paysa\n|player|p1|paysa|lucas|\n|c|\u2606paysa|LMAO\n|c|+35Q71N|He is right\n|c|+35Q71N|You are lucky and bad :D\n|c|\u2606paysa|bro waited till i left to hate SMH\n|c|\u2606paysa|at least call me lucky and bad to my face :(\n|c|+35Q71N|Hold up\n|c| AshKetchumsPikachu|potato\n|j|\u2606Star Wheel\n|player|p2|Star Wheel|darach-caitlin|\n|l| Iceman8911\n|c|\u2606Star Wheel|lolllllll\n|c|+35Q71N|Can you please call him lucky and bad?\n|c|\u2606paysa|there we go\n|c|\u2606Star Wheel|sorry man\n|c|+35Q71N|Don't be sorry\n|c|\u2606paysa|its ok everyone says it\n|c|+35Q71N|You spit facts\n|c|\u2606paysa|especially 35q71n\n|c|\u2606Star Wheel|but you have been farming me lol\n|c|\u2606Star Wheel|at least I admit that\n|c|+35Q71N|I am one of his biggest haters <3\n|c|\u2606paysa|one of many of my self proclaimed biggest haters\n|c|+35Q71N|Mostly because I lose often too\n|c|\u2606paysa|you, kevin, ref, haunter, vito, nemo, slikkles, lolo, star wheel now\n|c|\u2606paysa|the list goes on\n|c|\u2606Star Wheel|loll\n|c|\u2606Star Wheel|only salty cause I care\n|n| AshKetchumsPikachu|ashketchumspikachu\n|c|\u2606paysa|i wasnt offended btw so fr dont be salty\n|c|\u2606paysa|dont be sorry*\n|c|\u2606paysa|ggs!\n", "inputlog": ">version bfd83cad13791eb5a5a409923076391caf6fb4d4\n>start {\"formatid\":\"gen9randombattle\",\"seed\":[52000,22551,41284,42716],\"rated\":\"Rated battle\"}\n>player p1 {\"name\":\"paysa\",\"avatar\":\"lucas\",\"rating\":2418,\"seed\":[36531,5853,6328,61592]}\n>player p2 {\"name\":\"Star Wheel\",\"avatar\":\"darach-caitlin\",\"rating\":2450,\"seed\":[42634,3554,61353,33893]}\n>p1 switch 6\n>p2 switch 4\n>p1 move stealthrock\n>p2 move knockoff\n>p1 move earthquake\n>p2 move uturn\n>p2 switch 2\n>p1 move roar\n>p2 switch 6\n>p1 switch 5\n>p2 switch 3\n>p1 move bodyslam\n>p2 move substitute\n>p1 switch 2\n>p2 move substitute\n>p1 move populationbomb\n>p2 move surf\n>p2 switch 2\n>p1 switch 5\n>p2 move defog\n>p1 move stealthrock\n>p2 move uturn\n>p2 switch 6\n>p1 switch 2\n>p2 move waterfall\n>p1 move bodyslam\n>p2 switch 6\n>p1 move earthquake\n>p2 move knockoff\n>p1 move earthquake\n>p2 move uturn\n>p2 switch 6\n>p1 switch 2\n>p2 move waterfall\n>p1 switch 5\n>chat +35Q71N|Winner gets drafted for rbtt\n>chat \u2606Star Wheel|hmm\n>p1 move tidyup\n>p2 move waterfall\n>chat \u2606paysa|wow\n>p1 move populationbomb\n>p2 switch 3\n>p2 switch 6\n>p1 switch 2\n>p2 move bulletpunch\n>p1 switch 4\n>p1 move outrage\n>p2 move uturn\n>p2 switch 4\n>p1 move outrage\n>p2 move icepunch\n>chat  AshKetchumsPikachu|omg its paysa\n>chat  AshKetchumsPikachu|big fan\n>p1 switch 6\n>p1 move psyshock\n>p2 move doubleshock\n>p2 switch 5\n>p1 move calmmind\n>p2 move quiverdance\n>p1 move psyshock\n>p2 move petaldance terastallize\n>p1 switch 3\n>chat \u2606paysa|damn thats strong as fuck\n>chat +35Q71N|Flower showdown\n>p1 move quiverdance\n>p2 move petaldance\n>chat \u2606paysa|bellossom is not chad enough unfortunately\n>p1 move strengthsap\n>p2 move petaldance\n>chat \u2606paysa|i should have calced tera grass dance, didnt expect espeon to die\n>chat \u2606paysa|gg\n>forcelose p1", "uploadtime": 1733842278, "views": 2, "formatid": "gen9randombattle", "rating": 2400, "private": 0, "password": null}