{"id": "gen9randombattle-2099652333", "format": "[Gen 9] Random Battle", "players": ["MichaelderBeste2", "pokeblade\u2606101"], "log": "|badge|p1|gold|gen9randombattle|3-1\n|uhtml|medal-msg|<div class=\"broadcast-blue\">Curious what those medals under the avatar are? PS now has Ladder Seasons! For more information, check out the <a href=\"https://www.smogon.com/forums/threads/3740067/\">thread on Smogon.</a></div>\n|badge|p2|gold|gen9randombattle|3-1\n|uhtml|medal-msg|<div class=\"broadcast-blue\">Curious what those medals under the avatar are? PS now has Ladder Seasons! For more information, check out the <a href=\"https://www.smogon.com/forums/threads/3740067/\">thread on Smogon.</a></div>\n|j|\u2606MichaelderBeste2\n|j|\u2606pokeblade\u2606101\n|t:|1712684249\n|gametype|singles\n|player|p1|MichaelderBeste2|#rbtt7teamdarkrai|2569\n|player|p2|pokeblade\u2606101|#rbtt7teamchiyu|2519\n|teamsize|p1|6\n|teamsize|p2|6\n|gen|9\n|tier|[Gen 9] Random Battle\n|rated|\n|rule|Species Clause: Limit one of each Pok\u00e9mon\n|rule|HP Percentage Mod: HP is shown in percentages\n|rule|Sleep Clause Mod: Limit one foe put to sleep\n|rule|Illusion Level Mod: Illusion disguises the Pok\u00e9mon's true level\n|\n|t:|1712684249\n|start\n|switch|p1a: Breloom|Breloom, L82, F|233/233\n|switch|p2a: Infernape|Infernape, L82, F|259/259\n|turn|1\n|c|\u2606MichaelderBeste2|lmao\n|c|\u2606MichaelderBeste2|hf\n|j| oaklies\n|c|\u2606pokeblade\u2606101|lol\n|\n|t:|1712684270\n|switch|p1a: Dondozo|Dondozo, L78, M|362/362\n|move|p2a: Infernape|U-turn|p1a: Dondozo\n|-damage|p1a: Dondozo|317/362\n|\n|t:|1712684278\n|switch|p2a: Roaring Moon|Roaring Moon, L73|274/274|[from] U-turn\n|\n|-heal|p1a: Dondozo|339/362|[from] item: Leftovers\n|upkeep\n|turn|2\n|j| gomdol2\n|j| i still keep it og\n|j| sadhu baba\n|j| 35Q71N@!\n|\n|t:|1712684286\n|move|p2a: Roaring Moon|Knock Off|p1a: Dondozo\n|-damage|p1a: Dondozo|249/362\n|-enditem|p1a: Dondozo|Leftovers|[from] move: Knock Off|[of] p2a: Roaring Moon\n|move|p1a: Dondozo|Curse|p1a: Dondozo\n|-unboost|p1a: Dondozo|spe|1\n|-boost|p1a: Dondozo|atk|1\n|-boost|p1a: Dondozo|def|1\n|\n|upkeep\n|turn|3\n|\n|t:|1712684294\n|-end|p2a: Roaring Moon|Protosynthesis|[silent]\n|switch|p2a: Basculegion|Basculegion, L81, M|327/327\n|move|p1a: Dondozo|Wave Crash|p2a: Basculegion\n|-resisted|p2a: Basculegion\n|-damage|p2a: Basculegion|219/327\n|-damage|p1a: Dondozo|213/362|[from] Recoil\n|\n|upkeep\n|turn|4\n|\n|t:|1712684300\n|move|p2a: Basculegion|Shadow Ball|p1a: Dondozo\n|-damage|p1a: Dondozo|91/362\n|move|p1a: Dondozo|Rest|p1a: Dondozo\n|-status|p1a: Dondozo|slp|[from] move: Rest\n|-heal|p1a: Dondozo|362/362 slp|[silent]\n|\n|upkeep\n|turn|5\n|\n|t:|1712684307\n|switch|p1a: Weavile|Weavile, L79, F|240/240\n|move|p2a: Basculegion|Shadow Ball|p1a: Weavile\n|-resisted|p1a: Weavile\n|-damage|p1a: Weavile|185/240\n|\n|upkeep\n|turn|6\n|c| i still keep it og|is this the biggest match in randbats history?\n|\n|t:|1712684329\n|switch|p1a: Dondozo|Dondozo, L78, M|362/362 slp\n|switch|p2a: Talonflame|Talonflame, L84, M|268/268\n|\n|upkeep\n|turn|7\n|\n|t:|1712684333\n|switch|p2a: Basculegion|Basculegion, L81, M|219/327\n|cant|p1a: Dondozo|slp\n|move|p1a: Dondozo|Sleep Talk|p1a: Dondozo\n|move|p1a: Dondozo|Rest||[from]move: Sleep Talk|[still]\n|-fail|p1a: Dondozo\n|\n|upkeep\n|turn|8\n|j|&eva\n|c| sadhu baba|Its just a ladder game so ig not\n|\n|t:|1712684338\n|move|p2a: Basculegion|Shadow Ball|p1a: Dondozo\n|-damage|p1a: Dondozo|238/362 slp\n|cant|p1a: Dondozo|slp\n|move|p1a: Dondozo|Sleep Talk|p1a: Dondozo\n|move|p1a: Dondozo|Wave Crash|p2a: Basculegion|[from]move: Sleep Talk\n|-resisted|p2a: Basculegion\n|-damage|p2a: Basculegion|142/327\n|-damage|p1a: Dondozo|213/362 slp|[from] Recoil\n|\n|upkeep\n|turn|9\n|\n|t:|1712684342\n|switch|p1a: Meloetta|Meloetta, L82|298/298\n|move|p2a: Basculegion|Shadow Ball|p1a: Meloetta\n|-immune|p1a: Meloetta\n|\n|upkeep\n|turn|10\n|\n|t:|1712684356\n|move|p1a: Meloetta|Knock Off|p2a: Basculegion\n|-supereffective|p2a: Basculegion\n|-damage|p2a: Basculegion|0 fnt\n|-enditem|p2a: Basculegion|Assault Vest|[from] move: Knock Off|[of] p1a: Meloetta\n|faint|p2a: Basculegion\n|-damage|p1a: Meloetta|269/298|[from] item: Life Orb\n|\n|upkeep\n|c|\u2606pokeblade\u2606101|i forgot that existed\n|\n|t:|1712684370\n|switch|p2a: Roaring Moon|Roaring Moon, L73|274/274\n|turn|11\n|j| imliluzi\n|\n|t:|1712684377\n|switch|p1a: Breloom|Breloom, L82, F|233/233\n|move|p2a: Roaring Moon|Outrage|p1a: Breloom\n|-damage|p1a: Breloom|86/233\n|\n|upkeep\n|turn|12\n|\n|t:|1712684381\n|move|p1a: Breloom|Mach Punch|p2a: Roaring Moon\n|-supereffective|p2a: Roaring Moon\n|-damage|p2a: Roaring Moon|22/274\n|-damage|p1a: Breloom|63/233|[from] item: Life Orb\n|move|p2a: Roaring Moon|Outrage|p1a: Breloom|[from]lockedmove\n|-damage|p1a: Breloom|0 fnt\n|faint|p1a: Breloom\n|\n|upkeep\n|j| NinjaDJCee\n|j| Star Wheel\n|\n|t:|1712684387\n|switch|p1a: Weavile|Weavile, L79, F|185/240\n|turn|13\n|\n|t:|1712684400\n|move|p1a: Weavile|Knock Off|p2a: Roaring Moon\n|-resisted|p2a: Roaring Moon\n|-crit|p2a: Roaring Moon\n|-damage|p2a: Roaring Moon|0 fnt\n|-enditem|p2a: Roaring Moon|Lum Berry|[from] move: Knock Off|[of] p1a: Weavile\n|faint|p2a: Roaring Moon\n|-end|p2a: Roaring Moon|Protosynthesis|[silent]\n|\n|upkeep\n|\n|t:|1712684402\n|switch|p2a: Infernape|Infernape, L82, F|259/259\n|turn|14\n|\n|t:|1712684405\n|move|p2a: Infernape|Close Combat|p1a: Weavile\n|-supereffective|p1a: Weavile\n|-damage|p1a: Weavile|0 fnt\n|-unboost|p2a: Infernape|def|1\n|-unboost|p2a: Infernape|spd|1\n|faint|p1a: Weavile\n|\n|upkeep\n|n| 35Q71N|35q71n\n|c| imliluzi|dang i accidentally join the two best people\n|c| imliluzi|in gen 9 random\n|\n|t:|1712684438\n|switch|p1a: Meloetta|Meloetta, L82|269/298\n|turn|15\n|\n|t:|1712684461\n|switch|p2a: Talonflame|Talonflame, L84, M|268/268\n|move|p1a: Meloetta|Relic Song|p2a: Talonflame\n|-damage|p2a: Talonflame|120/268\n|-formechange|p1a: Meloetta|Meloetta-Pirouette|[msg]\n|-damage|p1a: Meloetta|240/298|[from] item: Life Orb\n|\n|upkeep\n|turn|16\n|\n|t:|1712684467\n|switch|p1a: Dondozo|Dondozo, L78, M|213/362 slp\n|move|p2a: Talonflame|Brave Bird|p1a: Dondozo\n|-damage|p1a: Dondozo|122/362 slp\n|-damage|p2a: Talonflame|90/268|[from] Recoil\n|\n|upkeep\n|turn|17\n|\n|t:|1712684471\n|switch|p2a: Komala|Komala, L89, M|260/260\n|-ability|p2a: Komala|Comatose\n|-curestatus|p1a: Dondozo|slp|[msg]\n|move|p1a: Dondozo|Rest|p1a: Dondozo\n|-status|p1a: Dondozo|slp|[from] move: Rest\n|-heal|p1a: Dondozo|362/362 slp|[silent]\n|\n|upkeep\n|turn|18\n|j| Miss Galaxy Note 7\n|\n|t:|1712684491\n|switch|p1a: Feraligatr|Feraligatr, L80, M|267/267\n|move|p2a: Komala|Double-Edge|p1a: Feraligatr\n|-damage|p1a: Feraligatr|44/267\n|-damage|p2a: Komala|186/260|[from] Recoil\n|\n|upkeep\n|turn|19\n|\n|t:|1712684506\n|switch|p2a: Talonflame|Talonflame, L84, M|90/268\n|move|p1a: Feraligatr|Liquidation|p2a: Talonflame\n|-supereffective|p2a: Talonflame\n|-damage|p2a: Talonflame|0 fnt\n|faint|p2a: Talonflame\n|\n|upkeep\n|\n|t:|1712684513\n|switch|p2a: Infernape|Infernape, L82, F|259/259\n|turn|20\n|l| imliluzi\n|\n|t:|1712684533\n|switch|p1a: Porygon-Z|Porygon-Z, L83|277/277\n|move|p2a: Infernape|Close Combat|p1a: Porygon-Z\n|-supereffective|p1a: Porygon-Z\n|-damage|p1a: Porygon-Z|0 fnt\n|-unboost|p2a: Infernape|def|1\n|-unboost|p2a: Infernape|spd|1\n|faint|p1a: Porygon-Z\n|\n|upkeep\n|\n|t:|1712684535\n|switch|p1a: Meloetta|Meloetta, L82|240/298\n|turn|21\n|j| Teres bahji\n|j| huge poopoo head\n|c| huge poopoo head|in\n|\n|t:|1712684564\n|switch|p2a: Komala|Komala, L89, M|186/260\n|-ability|p2a: Komala|Comatose\n|move|p1a: Meloetta|Relic Song|p2a: Komala\n|-damage|p2a: Komala|85/260\n|-formechange|p1a: Meloetta|Meloetta-Pirouette|[msg]\n|-damage|p1a: Meloetta|211/298|[from] item: Life Orb\n|\n|upkeep\n|turn|22\n|\n|t:|1712684578\n|move|p1a: Meloetta|Knock Off|p2a: Komala\n|-crit|p2a: Komala\n|-damage|p2a: Komala|0 fnt\n|-enditem|p2a: Komala|Choice Band|[from] move: Knock Off|[of] p1a: Meloetta\n|faint|p2a: Komala\n|-damage|p1a: Meloetta|182/298|[from] item: Life Orb\n|\n|upkeep\n|\n|t:|1712684588\n|switch|p2a: Infernape|Infernape, L82, F|259/259\n|turn|23\n|\n|t:|1712684592\n|-terastallize|p1a: Meloetta|Fighting\n|move|p2a: Infernape|Close Combat|p1a: Meloetta\n|-crit|p1a: Meloetta\n|-damage|p1a: Meloetta|0 fnt\n|-unboost|p2a: Infernape|def|1\n|-unboost|p2a: Infernape|spd|1\n|faint|p1a: Meloetta\n|\n|upkeep\n|j| pult3bc emre mor 9\n|\n|t:|1712684597\n|switch|p1a: Dondozo|Dondozo, L78, M|362/362 slp\n|turn|24\n|\n|t:|1712684600\n|switch|p2a: Raikou|Raikou, L81|278/278\n|-ability|p2a: Raikou|Pressure\n|cant|p1a: Dondozo|slp\n|move|p1a: Dondozo|Sleep Talk|p1a: Dondozo\n|move|p1a: Dondozo|Curse|p1a: Dondozo|[from]move: Sleep Talk\n|-unboost|p1a: Dondozo|spe|1\n|-boost|p1a: Dondozo|atk|1\n|-boost|p1a: Dondozo|def|1\n|\n|upkeep\n|turn|25\n|c|\u2606MichaelderBeste2|that crit\n|c|\u2606MichaelderBeste2|hurt\n|c| pult3bc emre mor 9|neeeeeeein michi\n|c|\u2606pokeblade\u2606101|i was gonna tera fighting but i didnt whoops\n|c|\u2606pokeblade\u2606101|i got bailed\n|c|\u2606MichaelderBeste2|Lvl 82 84 Atk Life Orb Tera Fighting Meloetta-Pirouette Close Combat vs. Lvl 81 84 HP / 84 Def Raikou: 278-328 (100 - 117.9%) -- guaranteed OHKO\n|c|\u2606pokeblade\u2606101|only reason i didnt is cuz i thought it was always tera dark\n|\n|t:|1712684637\n|-terastallize|p2a: Raikou|Water\n|move|p2a: Raikou|Thunderbolt|p1a: Dondozo\n|-supereffective|p1a: Dondozo\n|-damage|p1a: Dondozo|86/362 slp\n|cant|p1a: Dondozo|slp\n|move|p1a: Dondozo|Sleep Talk|p1a: Dondozo\n|move|p1a: Dondozo|Rest||[from]move: Sleep Talk|[still]\n|-fail|p1a: Dondozo\n|\n|upkeep\n|turn|26\n|-message|MichaelderBeste2 forfeited.\n|\n|win|pokeblade\u2606101\n|raw|MichaelderBeste2's rating: 2569 &rarr; <strong>2547</strong><br />(-22 for losing)\n|raw|pokeblade\u2606101's rating: 2528 &rarr; <strong>2550</strong><br />(+22 for winning)\n|l|\u2606MichaelderBeste2\n|player|p1|\n|l|&eva\n|l| pult3bc emre mor 9\n|l| huge poopoo head\n|l| gomdol2\n|l| sadhu baba\n|l| 35Q71N\n|l| i still keep it og\n|l| Star Wheel\n|l| Teres bahji\n|j| bu5\n", "inputlog": ">version 3a5338d38dc0bb363dd203110c27f40e04e176a8\n>start {\"formatid\":\"gen9randombattle\",\"seed\":[16281,1614,21047,30492],\"rated\":\"Rated battle\"}\n>player p1 {\"name\":\"MichaelderBeste2\",\"avatar\":\"#rbtt7teamdarkrai\",\"rating\":2569,\"seed\":[58350,15895,12345,19615]}\n>player p2 {\"name\":\"pokeblade\u2606101\",\"avatar\":\"#rbtt7teamchiyu\",\"rating\":2519,\"seed\":[4933,35093,30509,24545]}\n>chat \u2606MichaelderBeste2|lmao\n>chat \u2606MichaelderBeste2|hf\n>chat \u2606pokeblade\u2606101|lol\n>p1 switch 6\n>p2 move uturn\n>p2 switch 3\n>p1 move curse\n>p2 move knockoff\n>p1 move wavecrash\n>p2 switch 4\n>p1 move rest\n>p2 move shadowball\n>p1 switch 2\n>p2 move shadowball\n>chat  i still keep it og|is this the biggest match in randbats history?\n>p1 switch 2\n>p2 switch 5\n>p1 move sleeptalk\n>p2 switch 5\n>chat  sadhu baba|Its just a ladder game so ig not\n>p1 move sleeptalk\n>p2 move shadowball\n>p1 switch 4\n>p2 move shadowball\n>p1 move knockoff\n>p2 move flipturn\n>chat \u2606pokeblade\u2606101|i forgot that existed\n>p2 switch 4\n>p1 switch 6\n>p2 move outrage\n>p1 move machpunch\n>p2 move outrage\n>p1 switch 2\n>p1 move knockoff\n>p2 move outrage\n>p2 switch 3\n>p1 move tripleaxel\n>p2 move closecombat\n>chat  imliluzi|dang i accidentally join the two best people\n>chat  imliluzi|in gen 9 random\n>p1 switch 6\n>p1 move relicsong\n>p2 switch 5\n>p1 switch 4\n>p2 move bravebird\n>p1 move rest\n>p2 switch 6\n>p1 switch 3\n>p2 move doubleedge\n>p1 move liquidation\n>p2 switch 6\n>p2 switch 5\n>p1 switch 5\n>p2 move closecombat\n>p1 switch 4\n>chat  huge poopoo head|in\n>p1 move relicsong\n>p2 switch 6\n>p1 move knockoff\n>p2 move doubleedge\n>p2 switch 6\n>p1 move closecombat terastallize\n>p2 move closecombat\n>p1 switch 3\n>p1 move sleeptalk\n>p2 switch 2\n>chat \u2606MichaelderBeste2|that crit\n>chat \u2606MichaelderBeste2|hurt\n>chat  pult3bc emre mor 9|neeeeeeein michi\n>chat \u2606pokeblade\u2606101|i was gonna tera fighting but i didnt whoops\n>chat \u2606pokeblade\u2606101|i got bailed\n>chat \u2606MichaelderBeste2|Lvl 82 84 Atk Life Orb Tera Fighting Meloetta-Pirouette Close Combat vs. Lvl 81 84 HP / 84 Def Raikou: 278-328 (100 - 117.9%) -- guaranteed OHKO\n>chat \u2606pokeblade\u2606101|only reason i didnt is cuz i thought it was always tera dark\n>p1 move sleeptalk\n>p2 move thunderbolt terastallize\n>forcelose p1", "uploadtime": 1712684694, "views": 472, "formatid": "gen9randombattle", "rating": 2547, "private": 0, "password": null}