{"id": "gen9randombattle-2260306399", "format": "[Gen 9] Random Battle", "players": ["a10hero", "GoldenDoughtnut"], "log": "|j|\u2606a10hero\n|j|\u2606GoldenDoughtnut\n|t:|1733837871\n|gametype|singles\n|player|p1|a10hero|cynthia-gen4|1097\n|player|p2|GoldenDoughtnut|cynthia-gen4|1131\n|teamsize|p1|6\n|teamsize|p2|6\n|gen|9\n|tier|[Gen 9] Random Battle\n|rated|\n|rule|Species Clause: Limit one of each Pok\u00e9mon\n|rule|HP Percentage Mod: HP is shown in percentages\n|rule|Sleep Clause Mod: Limit one foe put to sleep\n|rule|Illusion Level Mod: Illusion disguises the Pok\u00e9mon's true level\n|\n|t:|1733837871\n|start\n|switch|p1a: Sudowoodo|Sudowoodo, L94, F|284/284\n|switch|p2a: Pachirisu|Pachirisu, L96, F|271/271\n|turn|1\n|\n|t:|1733837886\n|switch|p2a: Araquanid|Araquanid, L82, F|246/246\n|move|p1a: Sudowoodo|Stealth Rock|p2a: Araquanid\n|-sidestart|p2: GoldenDoughtnut|move: Stealth Rock\n|\n|upkeep\n|turn|2\n|\n|t:|1733837933\n|switch|p1a: Urshifu|Urshifu-Rapid-Strike, L75, F|274/274\n|move|p2a: Araquanid|Sticky Web|p1a: Urshifu\n|-sidestart|p1: a10hero|move: Sticky Web\n|\n|upkeep\n|turn|3\n|\n|t:|1733837951\n|move|p1a: Urshifu|Swords Dance|p1a: Urshifu\n|-boost|p1a: Urshifu|atk|2\n|move|p2a: Araquanid|Leech Life|p1a: Urshifu\n|-resisted|p1a: Urshifu\n|-damage|p1a: Urshifu|244/274\n|\n|upkeep\n|turn|4\n|\n|t:|1733837963\n|switch|p2a: Pachirisu|Pachirisu, L96, F|271/271\n|-damage|p2a: Pachirisu|238/271|[from] Stealth Rock\n|move|p1a: Urshifu|Surging Strikes|p2a: Pachirisu\n|-crit|p2a: Pachirisu\n|-damage|p2a: Pachirisu|129/271\n|-crit|p2a: Pachirisu\n|-damage|p2a: Pachirisu|19/271\n|-crit|p2a: Pachirisu\n|-damage|p2a: Pachirisu|0 fnt\n|faint|p2a: Pachirisu\n|-hitcount|p2: Pachirisu|3\n|-damage|p1a: Urshifu|217/274|[from] item: Life Orb\n|\n|upkeep\n|-message|GoldenDoughtnut forfeited.\n|\n|win|a10hero\n|raw|a10hero's rating: 1097 &rarr; <strong>1125</strong><br />(+28 for winning)\n|raw|GoldenDoughtnut's rating: 1131 &rarr; <strong>1104</strong><br />(-27 for losing)\n|l|\u2606GoldenDoughtnut\n|player|p2|\n", "inputlog": ">version bfd83cad13791eb5a5a409923076391caf6fb4d4\n>start {\"formatid\":\"gen9randombattle\",\"seed\":[23826,60973,225,46233],\"rated\":\"Rated battle\"}\n>player p1 {\"name\":\"a10hero\",\"avatar\":\"cynthia-gen4\",\"rating\":1097,\"seed\":[64782,48516,54078,13976]}\n>player p2 {\"name\":\"GoldenDoughtnut\",\"avatar\":\"cynthia-gen4\",\"rating\":1131,\"seed\":[35117,51360,336,13584]}\n>p1 move stealthrock\n>p2 switch 3\n>p1 switch 2\n>p2 move stickyweb\n>p1 move swordsdance\n>p2 move leechlife\n>p1 move surgingstrikes\n>p2 switch 3\n>forcelose p2", "uploadtime": 1733837988, "views": 1, "formatid": "gen9randombattle", "rating": 1104, "private": 0, "password": null}