{"id": "gen9randombattle-2254530768", "format": "[Gen 9] Random Battle", "players": ["dcenoris", "paysa"], "log": "|badge|p1|gold|gen9randombattle|3-3\n|uhtml|medal-msg|<div class=\"broadcast-blue\">Curious what those medals under the avatar are? PS now has Ladder Seasons! For more information, check out the <a href=\"https://www.smogon.com/forums/threads/3740067/\">thread on Smogon.</a></div>\n|badge|p2|gold|gen9randombattle|3-3\n|uhtml|medal-msg|<div class=\"broadcast-blue\">Curious what those medals under the avatar are? PS now has Ladder Seasons! For more information, check out the <a href=\"https://www.smogon.com/forums/threads/3740067/\">thread on Smogon.</a></div>\n|j|\u2606dcenoris\n|j|\u2606paysa\n|t:|1733057847\n|gametype|singles\n|player|p1|dcenoris|lucas|2506\n|player|p2|paysa|266|2510\n|teamsize|p1|6\n|teamsize|p2|6\n|gen|9\n|tier|[Gen 9] Random Battle\n|rated|\n|rule|Species Clause: Limit one of each Pok\u00e9mon\n|rule|HP Percentage Mod: HP is shown in percentages\n|rule|Sleep Clause Mod: Limit one foe put to sleep\n|rule|Illusion Level Mod: Illusion disguises the Pok\u00e9mon's true level\n|\n|t:|1733057847\n|start\n|switch|p1a: Cryogonal|Cryogonal, L89|287/287\n|switch|p2a: Spiritomb|Spiritomb, L89, F|234/234\n|turn|1\n|inactive|Battle timer is ON: inactive players will automatically lose when time's up. (requested by dcenoris)\n|\n|t:|1733057870\n|switch|p1a: Scizor|Scizor, L79, M|240/240\n|move|p2a: Spiritomb|Toxic|p1a: Scizor|[miss]\n|-miss|p2a: Spiritomb|p1a: Scizor\n|\n|upkeep\n|turn|2\n|\n|t:|1733057888\n|move|p1a: Scizor|U-turn|p2a: Spiritomb\n|-damage|p2a: Spiritomb|137/234\n|\n|t:|1733057891\n|switch|p1a: Clawitzer|Clawitzer, L87, M|265/265|[from] U-turn\n|move|p2a: Spiritomb|Poltergeist|p1a: Clawitzer\n|-activate|p1a: Clawitzer|move: Poltergeist|Choice Specs\n|-crit|p1a: Clawitzer\n|-damage|p1a: Clawitzer|67/265\n|\n|-heal|p2a: Spiritomb|151/234|[from] item: Leftovers\n|upkeep\n|turn|3\n|inactive|paysa has 120 seconds left.\n|\n|t:|1733057925\n|switch|p2a: Dialga|Dialga-Origin, L73|266/266\n|-ability|p2a: Dialga|Pressure\n|move|p1a: Clawitzer|Water Pulse|p2a: Dialga\n|-resisted|p2a: Dialga\n|-damage|p2a: Dialga|187/266\n|-start|p2a: Dialga|confusion\n|\n|upkeep\n|turn|4\n|inactive|paysa has 120 seconds left.\n|\n|t:|1733057943\n|switch|p1a: Espeon|Espeon, L84, M|246/246\n|-activate|p2a: Dialga|confusion\n|move|p2a: Dialga|Heavy Slam|p1a: Espeon\n|-damage|p1a: Espeon|102/246\n|\n|upkeep\n|turn|5\n|inactive|paysa has 120 seconds left.\n|\n|t:|1733057953\n|move|p1a: Espeon|Shadow Ball|p2a: Dialga\n|-damage|p2a: Dialga|105/266\n|-damage|p1a: Espeon|78/246|[from] item: Life Orb\n|-end|p2a: Dialga|confusion\n|move|p2a: Dialga|Heavy Slam|p1a: Espeon\n|-damage|p1a: Espeon|0 fnt\n|faint|p1a: Espeon\n|\n|upkeep\n|\n|t:|1733057958\n|switch|p1a: Charizard|Charizard, L85, M|271/271\n|turn|6\n|inactive|paysa has 120 seconds left.\n|\n|t:|1733057991\n|switch|p2a: Mandibuzz|Mandibuzz, L85, F|326/326\n|move|p1a: Charizard|Earthquake|p2a: Mandibuzz\n|-immune|p2a: Mandibuzz\n|\n|upkeep\n|turn|7\n|\n|t:|1733058001\n|switch|p1a: Cryogonal|Cryogonal, L89|287/287\n|move|p2a: Mandibuzz|Knock Off|p1a: Cryogonal\n|-damage|p1a: Cryogonal|170/287\n|-enditem|p1a: Cryogonal|Heavy-Duty Boots|[from] move: Knock Off|[of] p2a: Mandibuzz\n|\n|upkeep\n|turn|8\n|\n|t:|1733058010\n|switch|p2a: Hariyama|Hariyama, L87, M|392/392\n|move|p1a: Cryogonal|Ice Beam|p2a: Hariyama\n|-damage|p2a: Hariyama|251/392\n|-status|p2a: Hariyama|frz\n|\n|upkeep\n|turn|9\n|inactive|paysa has 120 seconds left.\n|c|\u2606paysa|free guts boost\n|l|\u2606dcenoris\n|inactive|dcenoris disconnected and has a minute to reconnect!\n|player|p1|\n|inactive|paysa has 90 seconds left.\n|j|\u2606dcenoris\n|inactive|dcenoris reconnected.\n|player|p1|dcenoris|lucas|\n|j| xavvcb\n|l| xavvcb\n|inactive|paysa has 60 seconds left.\n|\n|t:|1733058087\n|move|p1a: Cryogonal|Ice Beam|p2a: Hariyama\n|-damage|p2a: Hariyama|106/392 frz\n|cant|p2a: Hariyama|frz\n|\n|upkeep\n|turn|10\n|\n|t:|1733058098\n|-curestatus|p2a: Hariyama|frz|[msg]\n|move|p2a: Hariyama|Bullet Punch|p1a: Cryogonal\n|-supereffective|p1a: Cryogonal\n|-damage|p1a: Cryogonal|74/287\n|move|p1a: Cryogonal|Recover|p1a: Cryogonal\n|-heal|p1a: Cryogonal|218/287\n|\n|-status|p2a: Hariyama|brn|[from] item: Flame Orb\n|upkeep\n|turn|11\n|\n|t:|1733058107\n|move|p2a: Hariyama|Bullet Punch|p1a: Cryogonal\n|-supereffective|p1a: Cryogonal\n|-damage|p1a: Cryogonal|76/287\n|move|p1a: Cryogonal|Ice Beam|p2a: Hariyama\n|-damage|p2a: Hariyama|0 fnt\n|faint|p2a: Hariyama\n|\n|upkeep\n|inactive|paysa has 60 seconds left.\n|inactive|paysa has 30 seconds left.\n|inactive|paysa has 20 seconds left.\n|\n|t:|1733058157\n|switch|p2a: Spectrier|Spectrier, L75|274/274\n|turn|12\n|inactive|paysa has 30 seconds left this turn.\n|j| Zaha11\n|inactive|paysa has 20 seconds left.\n|inactive|paysa has 15 seconds left.\n|\n|t:|1733058180\n|switch|p1a: Scizor|Scizor, L79, M|240/240\n|-terastallize|p2a: Spectrier|Fighting\n|move|p2a: Spectrier|Tera Blast|p1a: Scizor|[anim] Tera Blast Fighting\n|-damage|p1a: Scizor|138/240\n|\n|upkeep\n|turn|13\n|inactive|paysa has 25 seconds left this turn.\n|inactive|paysa has 20 seconds left.\n|inactive|paysa has 15 seconds left.\n|inactive|paysa has 10 seconds left.\n|\n|t:|1733058195\n|switch|p2a: Spiritomb|Spiritomb, L89, F|151/234\n|move|p1a: Scizor|Bullet Punch|p2a: Spiritomb\n|-damage|p2a: Spiritomb|67/234\n|\n|-heal|p2a: Spiritomb|81/234|[from] item: Leftovers\n|upkeep\n|turn|14\n|inactive|paysa has 20 seconds left this turn.\n|inactive|paysa has 15 seconds left.\n|inactive|paysa has 10 seconds left.\n|\n|t:|1733058207\n|switch|p2a: Dialga|Dialga-Origin, L73|105/266\n|-ability|p2a: Dialga|Pressure\n|move|p1a: Scizor|Bullet Punch|p2a: Dialga\n|-resisted|p2a: Dialga\n|-damage|p2a: Dialga|60/266\n|\n|upkeep\n|turn|15\n|inactive|paysa has 20 seconds left this turn.\n|inactive|paysa has 15 seconds left.\n|inactive|paysa has 10 seconds left.\n|\n|t:|1733058218\n|-terastallize|p1a: Scizor|Steel\n|move|p1a: Scizor|Bullet Punch|p2a: Dialga\n|-resisted|p2a: Dialga\n|-damage|p2a: Dialga|0 fnt\n|faint|p2a: Dialga\n|\n|upkeep\n|inactive|paysa has 15 seconds left this turn.\n|inactive|paysa has 10 seconds left.\n|\n|t:|1733058224\n|switch|p2a: Spectrier|Spectrier, L75, tera:Fighting|274/274\n|turn|16\n|inactive|paysa has 20 seconds left this turn.\n|\n|t:|1733058226\n|move|p1a: Scizor|Bullet Punch|p2a: Spectrier\n|-damage|p2a: Spectrier|56/274\n|move|p2a: Spectrier|Tera Blast|p1a: Scizor|[anim] Tera Blast Fighting\n|-supereffective|p1a: Scizor\n|-damage|p1a: Scizor|0 fnt\n|faint|p1a: Scizor\n|-ability|p2a: Spectrier|Grim Neigh|boost\n|-boost|p2a: Spectrier|spa|1\n|\n|-heal|p2a: Spectrier|73/274|[from] item: Leftovers\n|upkeep\n|inactive|paysa has 25 seconds left this turn.\n|\n|t:|1733058237\n|switch|p1a: Illumise|Illumise, L91, F|266/266\n|turn|17\n|inactive|paysa has 30 seconds left.\n|\n|t:|1733058245\n|switch|p2a: Mandibuzz|Mandibuzz, L85, F|326/326\n|move|p1a: Illumise|Encore|p2a: Mandibuzz\n|-hint|Since gen 7, Dark is immune to Prankster moves.\n|-immune|p2a: Mandibuzz\n|\n|upkeep\n|turn|18\n|\n|t:|1733058255\n|move|p1a: Illumise|Thunder Wave|p2a: Mandibuzz\n|-hint|Since gen 7, Dark is immune to Prankster moves.\n|-immune|p2a: Mandibuzz\n|move|p2a: Mandibuzz|Brave Bird|p1a: Illumise\n|-supereffective|p1a: Illumise\n|-damage|p1a: Illumise|42/266\n|-damage|p2a: Mandibuzz|252/326|[from] Recoil\n|\n|upkeep\n|turn|19\n|\n|t:|1733058261\n|move|p1a: Illumise|Bug Buzz|p2a: Mandibuzz\n|-damage|p2a: Mandibuzz|171/326\n|move|p2a: Mandibuzz|Brave Bird|p1a: Illumise\n|-supereffective|p1a: Illumise\n|-damage|p1a: Illumise|0 fnt\n|faint|p1a: Illumise\n|-damage|p2a: Mandibuzz|157/326|[from] Recoil\n|\n|upkeep\n|\n|t:|1733058266\n|switch|p1a: Cryogonal|Cryogonal, L89|76/287\n|turn|20\n|\n|t:|1733058272\n|move|p1a: Cryogonal|Recover|p1a: Cryogonal\n|-heal|p1a: Cryogonal|220/287\n|move|p2a: Mandibuzz|Brave Bird|p1a: Cryogonal\n|-damage|p1a: Cryogonal|88/287\n|-damage|p2a: Mandibuzz|113/326|[from] Recoil\n|\n|upkeep\n|turn|21\n|\n|t:|1733058276\n|move|p1a: Cryogonal|Recover|p1a: Cryogonal\n|-heal|p1a: Cryogonal|232/287\n|move|p2a: Mandibuzz|Brave Bird|p1a: Cryogonal\n|-damage|p1a: Cryogonal|93/287\n|-damage|p2a: Mandibuzz|67/326|[from] Recoil\n|\n|upkeep\n|turn|22\n|\n|t:|1733058279\n|move|p1a: Cryogonal|Recover|p1a: Cryogonal\n|-heal|p1a: Cryogonal|237/287\n|move|p2a: Mandibuzz|Brave Bird|p1a: Cryogonal\n|-damage|p1a: Cryogonal|104/287\n|-damage|p2a: Mandibuzz|23/326|[from] Recoil\n|\n|upkeep\n|turn|23\n|\n|t:|1733058281\n|move|p1a: Cryogonal|Recover|p1a: Cryogonal\n|-heal|p1a: Cryogonal|248/287\n|move|p2a: Mandibuzz|Brave Bird|p1a: Cryogonal\n|-damage|p1a: Cryogonal|103/287\n|-damage|p2a: Mandibuzz|0 fnt|[from] Recoil\n|faint|p2a: Mandibuzz\n|\n|upkeep\n|\n|t:|1733058291\n|switch|p2a: Spectrier|Spectrier, L75, tera:Fighting|73/274\n|turn|24\n|inactive|paysa has 90 seconds left.\n|\n|t:|1733058305\n|switch|p1a: Charizard|Charizard, L85, M|271/271\n|move|p2a: Spectrier|Substitute|p2a: Spectrier\n|-start|p2a: Spectrier|Substitute\n|-damage|p2a: Spectrier|5/274\n|\n|-heal|p2a: Spectrier|22/274|[from] item: Leftovers\n|upkeep\n|turn|25\n|inactive|paysa has 90 seconds left.\n|\n|t:|1733058313\n|move|p2a: Spectrier|Shadow Ball|p1a: Charizard\n|-damage|p1a: Charizard|166/271\n|move|p1a: Charizard|Earthquake|p2a: Spectrier\n|-end|p2a: Spectrier|Substitute\n|\n|-heal|p2a: Spectrier|39/274|[from] item: Leftovers\n|upkeep\n|turn|26\n|inactive|paysa has 90 seconds left.\n|inactive|paysa has 60 seconds left.\n|\n|t:|1733058370\n|switch|p2a: Ditto|Ditto, L87|225/225\n|-transform|p2a: Ditto|p1a: Charizard|[from] ability: Imposter\n|move|p1a: Charizard|Flare Blitz|p2a: Ditto\n|-resisted|p2a: Ditto\n|-damage|p2a: Ditto|162/225\n|-damage|p1a: Charizard|145/271|[from] Recoil\n|\n|upkeep\n|turn|27\n|\n|t:|1733058385\n|switch|p2a: Spiritomb|Spiritomb, L89, F|81/234\n|switch|p1a: Clawitzer|Clawitzer, L87, M|67/265\n|\n|-heal|p2a: Spiritomb|95/234|[from] item: Leftovers\n|upkeep\n|turn|28\n|\n|t:|1733058393\n|move|p1a: Clawitzer|U-turn|p2a: Spiritomb\n|-damage|p2a: Spiritomb|61/234\n|\n|t:|1733058397\n|switch|p1a: Cryogonal|Cryogonal, L89|103/287|[from] U-turn\n|move|p2a: Spiritomb|Poltergeist||[still]\n|-fail|p2a: Spiritomb\n|\n|-heal|p2a: Spiritomb|75/234|[from] item: Leftovers\n|upkeep\n|turn|29\n|\n|t:|1733058402\n|move|p1a: Cryogonal|Recover|p1a: Cryogonal\n|-heal|p1a: Cryogonal|247/287\n|move|p2a: Spiritomb|Pain Split|p1a: Cryogonal\n|-sethp|p1a: Cryogonal|161/287|[from] move: Pain Split|[silent]\n|-sethp|p2a: Spiritomb|161/234|[from] move: Pain Split\n|\n|-heal|p2a: Spiritomb|175/234|[from] item: Leftovers\n|upkeep\n|turn|30\n|\n|t:|1733058404\n|move|p1a: Cryogonal|Ice Beam|p2a: Spiritomb\n|-damage|p2a: Spiritomb|88/234\n|move|p2a: Spiritomb|Toxic|p1a: Cryogonal\n|-status|p1a: Cryogonal|tox\n|\n|-heal|p2a: Spiritomb|102/234|[from] item: Leftovers\n|-damage|p1a: Cryogonal|144/287 tox|[from] psn\n|upkeep\n|turn|31\n|\n|t:|1733058410\n|move|p1a: Cryogonal|Ice Beam|p2a: Spiritomb\n|-damage|p2a: Spiritomb|14/234\n|move|p2a: Spiritomb|Foul Play|p1a: Cryogonal\n|-damage|p1a: Cryogonal|53/287 tox\n|\n|-heal|p2a: Spiritomb|28/234|[from] item: Leftovers\n|-damage|p1a: Cryogonal|19/287 tox|[from] psn\n|upkeep\n|turn|32\n|inactive|paysa has 90 seconds left.\n|\n|t:|1733058423\n|move|p1a: Cryogonal|Ice Beam|p2a: Spiritomb\n|-damage|p2a: Spiritomb|0 fnt\n|faint|p2a: Spiritomb\n|\n|-damage|p1a: Cryogonal|0 fnt|[from] psn\n|faint|p1a: Cryogonal\n|upkeep\n|\n|t:|1733058427\n|switch|p1a: Charizard|Charizard, L85, M|145/271\n|switch|p2a: Spectrier|Spectrier, L75, tera:Fighting|39/274\n|turn|33\n|\n|t:|1733058431\n|move|p2a: Spectrier|Shadow Ball|p1a: Charizard\n|-damage|p1a: Charizard|54/271\n|move|p1a: Charizard|Earthquake|p2a: Spectrier\n|-damage|p2a: Spectrier|0 fnt\n|faint|p2a: Spectrier\n|\n|upkeep\n|\n|t:|1733058432\n|switch|p2a: Ditto|Ditto, L87|162/225\n|-transform|p2a: Ditto|p1a: Charizard|[from] ability: Imposter\n|turn|34\n|\n|t:|1733058437\n|move|p2a: Ditto|Outrage|p1a: Charizard\n|-damage|p1a: Charizard|0 fnt\n|faint|p1a: Charizard\n|\n|upkeep\n|c|\u2606dcenoris|Damn\n|c|\u2606dcenoris|I choked\n|c|\u2606dcenoris|If I spun against mandi I think I won\n|c|\u2606dcenoris|GG mate\n|\n|t:|1733058462\n|switch|p1a: Clawitzer|Clawitzer, L87, M|67/265\n|turn|35\n|l| Zaha11\n|c|\u2606paysa|gg, fun game\n|c|\u2606dcenoris|Poltergeist CRIT might have decided it after all\n|\n|t:|1733058481\n|move|p2a: Ditto|Outrage|p1a: Clawitzer|[from]lockedmove\n|-damage|p1a: Clawitzer|0 fnt\n|faint|p1a: Clawitzer\n|\n|win|paysa\n|raw|dcenoris's rating: 2506 &rarr; <strong>2486</strong><br />(-20 for losing)\n|raw|paysa's rating: 2510 &rarr; <strong>2530</strong><br />(+20 for winning)\n|l|\u2606dcenoris\n|player|p1|\n", "inputlog": ">version b107d77f5c90bd6555267ae244a6264823309ead\n>start {\"formatid\":\"gen9randombattle\",\"seed\":[19484,6866,32244,30698],\"rated\":\"Rated battle\"}\n>player p1 {\"name\":\"dcenoris\",\"avatar\":\"lucas\",\"rating\":2506,\"seed\":[2473,1799,23684,35130]}\n>player p2 {\"name\":\"paysa\",\"avatar\":\"266\",\"rating\":2510,\"seed\":[28278,5517,1739,58351]}\n>p1 switch 3\n>p2 move toxic\n>p1 move uturn\n>p2 move poltergeist\n>p1 switch 4\n>p1 move waterpulse\n>p2 switch 3\n>p1 switch 6\n>p2 move heavyslam\n>p1 move shadowball\n>p2 move heavyslam\n>p1 switch 5\n>p1 move earthquake\n>p2 switch 2\n>p1 switch 3\n>p2 move knockoff\n>p1 move icebeam\n>p2 switch 5\n>chat \u2606paysa|free guts boost\n>p1 move icebeam\n>p2 move closecombat\n>p1 move recover\n>p2 move bulletpunch\n>p1 move icebeam\n>p2 move bulletpunch\n>p2 switch 6\n>p1 switch 4\n>p2 move terablast terastallize\n>p1 move bulletpunch\n>p2 switch 3\n>p1 move bulletpunch\n>p2 switch 2\n>p1 move bulletpunch terastallize\n>p2 move dracometeor\n>p2 switch 3\n>p1 move bulletpunch\n>p2 move terablast\n>p1 switch 2\n>p1 move encore\n>p2 switch 5\n>p1 move thunderwave\n>p2 move bravebird\n>p1 move bugbuzz\n>p2 move bravebird\n>p1 switch 4\n>p1 move recover\n>p2 move bravebird\n>p1 move recover\n>p2 move bravebird\n>p1 move recover\n>p2 move bravebird\n>p1 move recover\n>p2 move bravebird\n>p2 switch 5\n>p1 switch 3\n>p2 move substitute\n>p1 move earthquake\n>p2 move shadowball\n>p1 move flareblitz\n>p2 switch 4\n>p1 switch 6\n>p2 switch 2\n>p1 move uturn\n>p2 move poltergeist\n>p1 switch 3\n>p1 move recover\n>p2 move painsplit\n>p1 move icebeam\n>p2 move toxic\n>p1 move icebeam\n>p2 move foulplay\n>p1 move icebeam\n>p2 move foulplay\n>p1 switch 6\n>p2 switch 4\n>p1 move earthquake\n>p2 move shadowball\n>p2 switch 2\n>p1 move outrage\n>p2 move outrage\n>chat \u2606dcenoris|Damn \n>chat \u2606dcenoris|I choked \n>chat \u2606dcenoris|If I spun against mandi I think I won \n>chat \u2606dcenoris|GG mate \n>p1 switch 3\n>chat \u2606paysa|gg, fun game\n>chat \u2606dcenoris|Poltergeist CRIT might have decided it after all \n>p1 move waterpulse\n>p2 move outrage", "uploadtime": 1733058486, "views": 14, "formatid": "gen9randombattle", "rating": 2486, "private": 0, "password": null}