{"id": "gen9randombattle-2201490472", "format": "[Gen 9] Random Battle", "players": ["RBLT drifttrick", "RBLT chemcoop"], "log": "|badge|p1|bronze|gen9randombattle|100-2\n|uhtml|medal-msg|<div class=\"broadcast-blue\">Curious what those medals under the avatar are? PS now has Ladder Seasons! For more information, check out the <a href=\"https://www.smogon.com/forums/threads/3740067/\">thread on Smogon.</a></div>\n|badge|p2|silver|gen9randombattle|30-2\n|uhtml|medal-msg|<div class=\"broadcast-blue\">Curious what those medals under the avatar are? PS now has Ladder Seasons! For more information, check out the <a href=\"https://www.smogon.com/forums/threads/3740067/\">thread on Smogon.</a></div>\n|raw|<div class=\"broadcast-blue\"><strong>This battle is required to be public due to a player having a name starting with 'rblt'.</div>\n|j|\u2606RBLT drifttrick\n|j|\u2606RBLT chemcoop\n|t:|1726323921\n|gametype|singles\n|player|p1|RBLT drifttrick|teamrocket|2305\n|player|p2|RBLT chemcoop|#chemcoop|2490\n|teamsize|p1|6\n|teamsize|p2|6\n|gen|9\n|tier|[Gen 9] Random Battle\n|rated|\n|rule|Species Clause: Limit one of each Pok\u00e9mon\n|rule|HP Percentage Mod: HP is shown in percentages\n|rule|Sleep Clause Mod: Limit one foe put to sleep\n|rule|Illusion Level Mod: Illusion disguises the Pok\u00e9mon's true level\n|\n|t:|1726323921\n|start\n|switch|p1a: Flareon|Flareon, L90, M|263/263\n|switch|p2a: Tinkaton|Tinkaton, L82, F|274/274\n|-ability|p2a: Tinkaton|Mold Breaker\n|turn|1\n|inactive|Battle timer is ON: inactive players will automatically lose when time's up. (requested by RBLT drifttrick)\n|inactive|RBLT drifttrick has 120 seconds left.\n|\n|t:|1726323970\n|switch|p2a: Tauros|Tauros-Paldea-Combat, L83, M|260/260\n|-ability|p2a: Tauros|Intimidate|boost\n|-unboost|p1a: Flareon|atk|1\n|move|p1a: Flareon|Flare Blitz|p2a: Tauros\n|-damage|p2a: Tauros|140/260\n|-damage|p1a: Flareon|223/263|[from] Recoil\n|\n|-status|p1a: Flareon|tox|[from] item: Toxic Orb\n|upkeep\n|turn|2\n|\n|t:|1726323982\n|switch|p1a: Oricorio|Oricorio-Pa'u, L87, M|272/272\n|move|p2a: Tauros|Close Combat|p1a: Oricorio\n|-resisted|p1a: Oricorio\n|-damage|p1a: Oricorio|218/272\n|-unboost|p2a: Tauros|def|1\n|-unboost|p2a: Tauros|spd|1\n|\n|upkeep\n|turn|3\n|inactive|RBLT drifttrick has 120 seconds left.\n|\n|t:|1726324022\n|switch|p1a: Flareon|Flareon, L90, M|223/263 tox\n|move|p2a: Tauros|Close Combat|p1a: Flareon\n|-crit|p1a: Flareon\n|-damage|p1a: Flareon|0 fnt\n|-unboost|p2a: Tauros|def|1\n|-unboost|p2a: Tauros|spd|1\n|faint|p1a: Flareon\n|\n|upkeep\n|\n|t:|1726324026\n|switch|p1a: Oricorio|Oricorio-Pa'u, L87, M|218/272\n|turn|4\n|\n|t:|1726324034\n|switch|p2a: Tinkaton|Tinkaton, L82, F|274/274\n|-ability|p2a: Tinkaton|Mold Breaker\n|move|p1a: Oricorio|Quiver Dance|p1a: Oricorio\n|-boost|p1a: Oricorio|spa|1\n|-boost|p1a: Oricorio|spd|1\n|-boost|p1a: Oricorio|spe|1\n|\n|upkeep\n|turn|5\n|inactive|RBLT drifttrick has 120 seconds left.\n|\n|t:|1726324061\n|move|p1a: Oricorio|Hurricane|p2a: Tinkaton\n|-resisted|p2a: Tinkaton\n|-damage|p2a: Tinkaton|193/274\n|move|p2a: Tinkaton|Gigaton Hammer|p1a: Oricorio\n|-damage|p1a: Oricorio|77/272\n|\n|-heal|p2a: Tinkaton|210/274|[from] item: Leftovers\n|upkeep\n|turn|6\n|\n|t:|1726324067\n|move|p1a: Oricorio|Roost|p1a: Oricorio\n|-heal|p1a: Oricorio|213/272\n|-singleturn|p1a: Oricorio|move: Roost\n|move|p2a: Tinkaton|Encore|p1a: Oricorio\n|-start|p1a: Oricorio|Encore\n|\n|-heal|p2a: Tinkaton|227/274|[from] item: Leftovers\n|upkeep\n|turn|7\n|inactive|RBLT drifttrick has 120 seconds left.\n|\n|t:|1726324086\n|switch|p1a: Hydrapple|Hydrapple, L83, F|312/312\n|move|p2a: Tinkaton|Thunder Wave|p1a: Hydrapple\n|-status|p1a: Hydrapple|par\n|\n|-heal|p2a: Tinkaton|244/274|[from] item: Leftovers\n|upkeep\n|turn|8\n|\n|t:|1726324094\n|switch|p2a: Corviknight|Corviknight, L80, F|288/288\n|-ability|p2a: Corviknight|Pressure\n|cant|p1a: Hydrapple|par\n|\n|upkeep\n|turn|9\n|\n|t:|1726324101\n|switch|p1a: Avalugg|Avalugg-Hisui, L90, M|317/317\n|move|p2a: Corviknight|U-turn|p1a: Avalugg\n|-damage|p1a: Avalugg|294/317\n|\n|t:|1726324127\n|switch|p2a: Tauros|Tauros-Paldea-Combat, L83, M|140/260|[from] U-turn\n|-ability|p2a: Tauros|Intimidate|boost\n|-unboost|p1a: Avalugg|atk|1\n|\n|upkeep\n|turn|10\n|\n|t:|1726324141\n|move|p2a: Tauros|Close Combat|p1a: Avalugg\n|-supereffective|p1a: Avalugg\n|-damage|p1a: Avalugg|0 fnt\n|-unboost|p2a: Tauros|def|1\n|-unboost|p2a: Tauros|spd|1\n|faint|p1a: Avalugg\n|\n|upkeep\n|\n|t:|1726324143\n|switch|p1a: Porygon-Z|Porygon-Z, L83|277/277\n|turn|11\n|\n|t:|1726324149\n|switch|p2a: Tinkaton|Tinkaton, L82, F|244/274\n|-ability|p2a: Tinkaton|Mold Breaker\n|-terastallize|p1a: Porygon-Z|Ghost\n|move|p1a: Porygon-Z|Nasty Plot|p1a: Porygon-Z\n|-boost|p1a: Porygon-Z|spa|2\n|\n|-heal|p2a: Tinkaton|261/274|[from] item: Leftovers\n|upkeep\n|turn|12\n|-message|RBLT drifttrick forfeited.\n|\n|win|RBLT chemcoop\n|raw|RBLT drifttrick's rating: 2305 &rarr; <strong>2295</strong><br />(-10 for losing)\n|raw|RBLT chemcoop's rating: 2490 &rarr; <strong>2500</strong><br />(+10 for winning)\n|l|\u2606RBLT drifttrick\n|player|p1|\n|c|\u2606RBLT chemcoop|gg\n", "inputlog": ">version abcf08933808d3fb39dbc2b54a8665d830b47482\n>start {\"formatid\":\"gen9randombattle\",\"seed\":[27074,43428,56291,23369],\"rated\":\"Rated battle\"}\n>player p1 {\"name\":\"RBLT drifttrick\",\"avatar\":\"teamrocket\",\"rating\":2305,\"seed\":[4302,22899,38709,8740]}\n>player p2 {\"name\":\"RBLT chemcoop\",\"avatar\":\"#chemcoop\",\"rating\":2490,\"seed\":[4739,17442,37352,52462]}\n>p1 move flareblitz\n>p2 switch 3\n>p1 switch 5\n>p2 move closecombat\n>p1 switch 5\n>p2 move closecombat\n>p1 switch 5\n>p1 move quiverdance\n>p2 switch 3\n>p1 move hurricane\n>p2 move gigatonhammer\n>p1 move roost\n>p2 move encore\n>p1 switch 2\n>p2 move thunderwave\n>p1 move earthpower\n>p2 switch 5\n>p1 switch 3\n>p2 move uturn\n>p2 switch 3\n>p1 move stoneedge\n>p2 move closecombat\n>p1 switch 6\n>p1 move nastyplot terastallize\n>p2 switch 5\n>forcelose p1", "uploadtime": 1726324172, "views": 89, "formatid": "gen9randombattle", "rating": 2295, "private": 0, "password": null}