{"id": "gen9randombattle-2260356283", "format": "[Gen 9] Random Battle", "players": ["Fhhjjnnhggfx", "itzvin007"], "log": "|j|\u2606Fhhjjnnhggfx\n|j|\u2606itzvin007\n|t:|1733843467\n|gametype|singles\n|player|p1|Fhhjjnnhggfx|adaman|1000\n|player|p2|itzvin007|1|1000\n|teamsize|p1|6\n|teamsize|p2|6\n|gen|9\n|tier|[Gen 9] Random Battle\n|rated|\n|rule|Species Clause: Limit one of each Pok\u00e9mon\n|rule|HP Percentage Mod: HP is shown in percentages\n|rule|Sleep Clause Mod: Limit one foe put to sleep\n|rule|Illusion Level Mod: Illusion disguises the Pok\u00e9mon's true level\n|\n|t:|1733843467\n|start\n|switch|p1a: Vivillon|Vivillon-Tundra, L84, F|272/272\n|switch|p2a: Mismagius|Mismagius, L86, M|243/243\n|turn|1\n|inactive|Battle timer is ON: inactive players will automatically lose when time's up. (requested by Fhhjjnnhggfx)\n|\n|t:|1733843474\n|move|p2a: Mismagius|Nasty Plot|p2a: Mismagius\n|-boost|p2a: Mismagius|spa|2\n|move|p1a: Vivillon|Quiver Dance|p1a: Vivillon\n|-boost|p1a: Vivillon|spa|1\n|-boost|p1a: Vivillon|spd|1\n|-boost|p1a: Vivillon|spe|1\n|\n|upkeep\n|turn|2\n|\n|t:|1733843482\n|move|p1a: Vivillon|Hurricane|p2a: Mismagius\n|-damage|p2a: Mismagius|114/243\n|move|p2a: Mismagius|Shadow Ball|p1a: Vivillon\n|-damage|p1a: Vivillon|37/272\n|-unboost|p1a: Vivillon|spd|1\n|-damage|p2a: Mismagius|90/243|[from] item: Life Orb\n|\n|upkeep\n|turn|3\n|\n|t:|1733843494\n|move|p1a: Vivillon|Hurricane|p2a: Mismagius\n|-damage|p2a: Mismagius|0 fnt\n|faint|p2a: Mismagius\n|\n|upkeep\n|\n|t:|1733843500\n|switch|p2a: Jumpluff|Jumpluff, L87, M|271/271\n|turn|4\n|\n|t:|1733843505\n|move|p1a: Vivillon|Hurricane|p2a: Jumpluff\n|-supereffective|p2a: Jumpluff\n|-damage|p2a: Jumpluff|0 fnt\n|faint|p2a: Jumpluff\n|\n|upkeep\n|c|\u2606itzvin007|bro\n|c|\u2606itzvin007|tf\n|\n|t:|1733843515\n|switch|p2a: Galvantula|Galvantula, L82, M|249/249\n|turn|5\n|\n|t:|1733843524\n|move|p1a: Vivillon|Hurricane|p2a: Galvantula\n|-crit|p2a: Galvantula\n|-damage|p2a: Galvantula|0 fnt\n|faint|p2a: Galvantula\n|\n|upkeep\n|c|\u2606itzvin007|BRO\n|\n|t:|1733843533\n|switch|p2a: Tatsugiri|Tatsugiri-Stretchy, L87, M|260/260\n|turn|6\n|\n|t:|1733843540\n|move|p1a: Vivillon|Hurricane|p2a: Tatsugiri\n|-damage|p2a: Tatsugiri|107/260\n|-start|p2a: Tatsugiri|confusion\n|-activate|p2a: Tatsugiri|confusion\n|move|p2a: Tatsugiri|Surf|p1a: Vivillon\n|-damage|p1a: Vivillon|0 fnt\n|faint|p1a: Vivillon\n|\n|upkeep\n|\n|t:|1733843548\n|switch|p1a: Regieleki|Regieleki, L79|256/256\n|turn|7\n|\n|t:|1733843553\n|move|p1a: Regieleki|Thunderbolt|p2a: Tatsugiri\n|-damage|p2a: Tatsugiri|0 fnt\n|faint|p2a: Tatsugiri\n|\n|upkeep\n|\n|t:|1733843558\n|switch|p2a: Oinkologne|Oinkologne-F, L92, F|361/361\n|turn|8\n|\n|t:|1733843562\n|move|p1a: Regieleki|Volt Switch|p2a: Oinkologne\n|-damage|p2a: Oinkologne|265/361\n|\n|t:|1733843564\n|switch|p1a: Hariyama|Hariyama, L87, F|392/392|[from] Volt Switch\n|move|p2a: Oinkologne|High Horsepower|p1a: Hariyama\n|-damage|p1a: Hariyama|292/392\n|\n|-heal|p2a: Oinkologne|287/361|[from] item: Leftovers\n|-status|p1a: Hariyama|brn|[from] item: Flame Orb\n|upkeep\n|turn|9\n|\n|t:|1733843576\n|move|p2a: Oinkologne|Lash Out|p1a: Hariyama\n|-resisted|p1a: Hariyama\n|-damage|p1a: Hariyama|252/392 brn\n|move|p1a: Hariyama|Close Combat|p2a: Oinkologne\n|-supereffective|p2a: Oinkologne\n|-damage|p2a: Oinkologne|0 fnt\n|-unboost|p1a: Hariyama|def|1\n|-unboost|p1a: Hariyama|spd|1\n|faint|p2a: Oinkologne\n|\n|-damage|p1a: Hariyama|228/392 brn|[from] brn\n|upkeep\n|c|\u2606itzvin007|f this im out\n|c|\u2606itzvin007|f you\n|c|\u2606itzvin007|fucking bitch\n|inactive|itzvin007 has 120 seconds left.\n|-message|itzvin007 forfeited.\n|\n|win|Fhhjjnnhggfx\n|raw|Fhhjjnnhggfx's rating: 1000 &rarr; <strong>1040</strong><br />(+40 for winning)\n|raw|itzvin007's rating: 1000 &rarr; <strong>1000</strong><br />(+0 for losing)\n|l|\u2606itzvin007\n|player|p2|\n", "inputlog": ">version bfd83cad13791eb5a5a409923076391caf6fb4d4\n>start {\"formatid\":\"gen9randombattle\",\"seed\":[18945,22046,46471,11043],\"rated\":\"Rated battle\"}\n>player p1 {\"name\":\"Fhhjjnnhggfx\",\"avatar\":\"adaman\",\"rating\":1000,\"seed\":[46944,55594,12118,58418]}\n>player p2 {\"name\":\"itzvin007\",\"avatar\":\"1\",\"rating\":1000,\"seed\":[44834,49853,8819,41488]}\n>p1 move quiverdance\n>p2 move nastyplot\n>p1 move hurricane\n>p2 move shadowball\n>p1 move hurricane\n>p2 move shadowball\n>p2 switch 2\n>p1 move hurricane\n>p2 move sleeppowder\n>chat \u2606itzvin007|bro\n>chat \u2606itzvin007|tf\n>p2 switch 3\n>p1 move hurricane\n>p2 move gigadrain\n>chat \u2606itzvin007|BRO\n>p2 switch 4\n>p1 move hurricane\n>p2 move surf\n>p1 switch 6\n>p1 move thunderbolt\n>p2 move rapidspin\n>p2 switch 5\n>p1 move voltswitch\n>p2 move highhorsepower\n>p1 switch 5\n>p1 move closecombat\n>p2 move lashout\n>chat \u2606itzvin007|f this im out\n>chat \u2606itzvin007|f you\n>chat \u2606itzvin007|fucking bitch\n>forcelose p2", "uploadtime": 1733843599, "views": 1, "formatid": "gen9randombattle", "rating": 1000, "private": 0, "password": null}