{"id": "gen9randombattle-2260525980", "format": "[Gen 9] Random Battle", "players": ["sandacanda", "Beautyn0va"], "log": "|j|\u2606sandacanda\n|j|\u2606Beautyn0va\n|t:|1733860121\n|gametype|singles\n|player|p1|sandacanda|1|1298\n|player|p2|Beautyn0va|jasmine|1264\n|teamsize|p1|6\n|teamsize|p2|6\n|gen|9\n|tier|[Gen 9] Random Battle\n|rated|\n|rule|Species Clause: Limit one of each Pok\u00e9mon\n|rule|HP Percentage Mod: HP is shown in percentages\n|rule|Sleep Clause Mod: Limit one foe put to sleep\n|rule|Illusion Level Mod: Illusion disguises the Pok\u00e9mon's true level\n|\n|t:|1733860121\n|start\n|switch|p1a: Falinks|Falinks, L84|246/246\n|switch|p2a: Beartic|Beartic, L91, F|321/321\n|turn|1\n|inactive|Battle timer is ON: inactive players will automatically lose when time's up. (requested by sandacanda)\n|\n|t:|1733860134\n|move|p1a: Falinks|No Retreat|p1a: Falinks\n|-boost|p1a: Falinks|atk|1\n|-boost|p1a: Falinks|def|1\n|-boost|p1a: Falinks|spa|1\n|-boost|p1a: Falinks|spd|1\n|-boost|p1a: Falinks|spe|1\n|-start|p1a: Falinks|move: No Retreat\n|move|p2a: Beartic|Snowscape|p2a: Beartic\n|-weather|Snow\n|\n|-weather|Snow|[upkeep]\n|upkeep\n|turn|2\n|\n|t:|1733860146\n|move|p2a: Beartic|Earthquake|p1a: Falinks\n|-damage|p1a: Falinks|179/246\n|move|p1a: Falinks|No Retreat||[still]\n|-fail|p1a: Falinks\n|\n|-weather|Snow|[upkeep]\n|upkeep\n|turn|3\n|\n|t:|1733860155\n|move|p2a: Beartic|Icicle Crash|p1a: Falinks\n|-damage|p1a: Falinks|97/246\n|move|p1a: Falinks|Close Combat|p2a: Beartic\n|-supereffective|p2a: Beartic\n|-damage|p2a: Beartic|0 fnt\n|-unboost|p1a: Falinks|def|1\n|-unboost|p1a: Falinks|spd|1\n|faint|p2a: Beartic\n|-damage|p1a: Falinks|73/246|[from] item: Life Orb\n|\n|-weather|Snow|[upkeep]\n|upkeep\n|\n|t:|1733860168\n|switch|p2a: Tropius|Tropius, L91, M|328/328\n|turn|4\n|\n|t:|1733860176\n|move|p1a: Falinks|Iron Head|p2a: Tropius\n|-damage|p2a: Tropius|218/328\n|-damage|p1a: Falinks|49/246|[from] item: Life Orb\n|move|p2a: Tropius|Dragon Dance|p2a: Tropius\n|-boost|p2a: Tropius|atk|1\n|-boost|p2a: Tropius|spe|1\n|\n|-weather|Snow|[upkeep]\n|upkeep\n|turn|5\n|\n|t:|1733860186\n|move|p1a: Falinks|Knock Off|p2a: Tropius\n|-damage|p2a: Tropius|79/328\n|-enditem|p2a: Tropius|Sitrus Berry|[from] move: Knock Off|[of] p1a: Falinks\n|-damage|p1a: Falinks|25/246|[from] item: Life Orb\n|move|p2a: Tropius|Dragon Dance|p2a: Tropius\n|-boost|p2a: Tropius|atk|1\n|-boost|p2a: Tropius|spe|1\n|\n|-weather|none\n|upkeep\n|turn|6\n|\n|t:|1733860192\n|move|p2a: Tropius|Dual Wingbeat|p1a: Falinks\n|-supereffective|p1a: Falinks\n|-damage|p1a: Falinks|0 fnt\n|faint|p1a: Falinks\n|-hitcount|p1: Falinks|1\n|\n|upkeep\n|l|\u2606sandacanda\n|inactive|sandacanda disconnected and has a minute to reconnect!\n|player|p1|\n|j|\u2606sandacanda\n|inactive|sandacanda reconnected and has 130 seconds left.\n|player|p1|sandacanda|1|\n|\n|t:|1733860216\n|switch|p1a: Dragapult|Dragapult, L77, M|262/262\n|turn|7\n|\n|t:|1733860228\n|move|p2a: Tropius|Dual Wingbeat|p1a: Dragapult\n|-damage|p1a: Dragapult|174/262\n|-damage|p1a: Dragapult|75/262\n|-hitcount|p1a: Dragapult|2\n|move|p1a: Dragapult|Dragon Darts|p2a: Tropius\n|-damage|p2a: Tropius|5/328\n|-anim|p1a: Dragapult|Dragon Darts|p2a: Tropius\n|-damage|p2a: Tropius|0 fnt\n|faint|p2a: Tropius\n|-damage|p1a: Dragapult|49/262|[from] item: Life Orb\n|\n|upkeep\n|\n|t:|1733860236\n|switch|p2a: Girafarig|Girafarig, L89, M|269/269\n|turn|8\n|l|\u2606Beautyn0va\n|inactive|Beautyn0va disconnected and has a minute to reconnect!\n|player|p2|\n|j|\u2606Beautyn0va\n|inactive|Beautyn0va reconnected and has 130 seconds left.\n|player|p2|Beautyn0va|jasmine|\n|l|\u2606Beautyn0va\n|inactive|Beautyn0va disconnected and has a minute to reconnect!\n|player|p2|\n|l|\u2606sandacanda\n|inactive|sandacanda disconnected and has a minute to reconnect!\n|player|p1|\n|j|\u2606sandacanda\n|inactive|sandacanda reconnected.\n|player|p1|sandacanda|1|\n|inactive|Beautyn0va has 30 seconds to reconnect!\n|inactive|Beautyn0va has 20 seconds to reconnect!\n|inactive|Beautyn0va has 15 seconds to reconnect!\n|inactive|Beautyn0va has 10 seconds to reconnect!\n|inactive|Beautyn0va has 5 seconds to reconnect!\n|-message|Beautyn0va lost due to inactivity.\n|\n|win|sandacanda\n|raw|sandacanda's rating: 1298 &rarr; <strong>1321</strong><br />(+23 for winning)\n|raw|Beautyn0va's rating: 1264 &rarr; <strong>1241</strong><br />(-23 for losing)\n", "inputlog": ">version bfd83cad13791eb5a5a409923076391caf6fb4d4\n>start {\"formatid\":\"gen9randombattle\",\"seed\":[57963,16526,7404,29099],\"rated\":\"Rated battle\"}\n>player p1 {\"name\":\"sandacanda\",\"avatar\":\"1\",\"rating\":1298,\"seed\":[55772,59298,17,28716]}\n>player p2 {\"name\":\"Beautyn0va\",\"avatar\":\"jasmine\",\"rating\":1264,\"seed\":[36308,19016,23094,2208]}\n>p1 move noretreat\n>p2 move snowscape\n>p1 move noretreat\n>p2 move earthquake\n>p1 move closecombat\n>p2 move iciclecrash\n>p2 switch 4\n>p1 move ironhead\n>p2 move dragondance\n>p1 move knockoff\n>p2 move dragondance\n>p1 move ironhead\n>p2 move dualwingbeat\n>p1 switch 2\n>p1 move dragondarts\n>p2 move dualwingbeat\n>p2 switch 5\n>forcelose p2", "uploadtime": 1733860323, "views": 1, "formatid": "gen9randombattle", "rating": 1241, "private": 0, "password": null}