{"id": "gen9randombattle-2260796574", "format": "[Gen 9] Random Battle", "players": ["Fjofbkh", "dejsejjde"], "log": "|j|\u2606Fjofbkh\n|j|\u2606dejsejjde\n|t:|1733893593\n|gametype|singles\n|player|p1|Fjofbkh|102|1004\n|player|p2|dejsejjde|1|1000\n|teamsize|p1|6\n|teamsize|p2|6\n|gen|9\n|tier|[Gen 9] Random Battle\n|rated|\n|rule|Species Clause: Limit one of each Pok\u00e9mon\n|rule|HP Percentage Mod: HP is shown in percentages\n|rule|Sleep Clause Mod: Limit one foe put to sleep\n|rule|Illusion Level Mod: Illusion disguises the Pok\u00e9mon's true level\n|\n|t:|1733893593\n|start\n|switch|p1a: Dragonite|Dragonite, L74, F|257/257\n|switch|p2a: Crawdaunt|Crawdaunt, L84, M|243/243\n|turn|1\n|\n|t:|1733893602\n|move|p1a: Dragonite|Dragon Dance|p1a: Dragonite\n|-boost|p1a: Dragonite|atk|1\n|-boost|p1a: Dragonite|spe|1\n|move|p2a: Crawdaunt|Knock Off|p1a: Dragonite\n|-damage|p1a: Dragonite|137/257\n|-enditem|p1a: Dragonite|Heavy-Duty Boots|[from] move: Knock Off|[of] p2a: Crawdaunt\n|\n|upkeep\n|turn|2\n|\n|t:|1733893618\n|move|p1a: Dragonite|Dragon Dance|p1a: Dragonite\n|-boost|p1a: Dragonite|atk|1\n|-boost|p1a: Dragonite|spe|1\n|move|p2a: Crawdaunt|Knock Off|p1a: Dragonite\n|-damage|p1a: Dragonite|0 fnt\n|faint|p1a: Dragonite\n|\n|upkeep\n|-message|Fjofbkh forfeited.\n|\n|win|dejsejjde\n|raw|Fjofbkh's rating: 1004 &rarr; <strong>1000</strong><br />(-4 for losing)\n|raw|dejsejjde's rating: 1040 &rarr; <strong>1070</strong><br />(+30 for winning)\n|l|\u2606Fjofbkh\n|player|p1|\n", "inputlog": ">version bfd83cad13791eb5a5a409923076391caf6fb4d4\n>start {\"formatid\":\"gen9randombattle\",\"seed\":[42707,42176,41586,49431],\"rated\":\"Rated battle\"}\n>player p1 {\"name\":\"Fjofbkh\",\"avatar\":\"102\",\"rating\":1004,\"seed\":[23936,60364,15813,32136]}\n>player p2 {\"name\":\"dejsejjde\",\"avatar\":\"1\",\"rating\":1000,\"seed\":[42091,37466,22252,31953]}\n>p1 move dragondance\n>p2 move knockoff\n>p1 move dragondance\n>p2 move knockoff\n>forcelose p1", "uploadtime": 1733893634, "views": 1, "formatid": "gen9randombattle", "rating": 1000, "private": 0, "password": null}