{"id": "gen9randombattle-2260765920", "format": "[Gen 9] Random Battle", "players": ["iddikcgk", "tyuuyyyy"], "log": "|j|\u2606iddikcgk\n|j|\u2606tyuuyyyy\n|t:|1733888844\n|gametype|singles\n|player|p1|iddikcgk|169|1043\n|player|p2|tyuuyyyy|hugh|1000\n|teamsize|p1|6\n|teamsize|p2|6\n|gen|9\n|tier|[Gen 9] Random Battle\n|rated|\n|rule|Species Clause: Limit one of each Pok\u00e9mon\n|rule|HP Percentage Mod: HP is shown in percentages\n|rule|Sleep Clause Mod: Limit one foe put to sleep\n|rule|Illusion Level Mod: Illusion disguises the Pok\u00e9mon's true level\n|\n|t:|1733888844\n|start\n|switch|p1a: Vaporeon|Vaporeon, L86, F|364/364\n|switch|p2a: Diancie|Diancie, L82|216/216\n|turn|1\n|\n|t:|1733888851\n|switch|p2a: Tsareena|Tsareena, L87, F|267/267\n|move|p1a: Vaporeon|Scald|p2a: Tsareena\n|-resisted|p2a: Tsareena\n|-damage|p2a: Tsareena|237/267\n|\n|upkeep\n|turn|2\n|\n|t:|1733888858\n|move|p2a: Tsareena|Power Whip|p1a: Vaporeon\n|-supereffective|p1a: Vaporeon\n|-damage|p1a: Vaporeon|0 fnt\n|faint|p1a: Vaporeon\n|\n|upkeep\n|-message|tyuuyyyy forfeited.\n|\n|win|iddikcgk\n|raw|iddikcgk's rating: 1043 &rarr; <strong>1072</strong><br />(+29 for winning)\n|raw|tyuuyyyy's rating: 1000 &rarr; <strong>1000</strong><br />(+0 for losing)\n", "inputlog": ">version bfd83cad13791eb5a5a409923076391caf6fb4d4\n>start {\"formatid\":\"gen9randombattle\",\"seed\":[50082,52343,18998,2824],\"rated\":\"Rated battle\"}\n>player p1 {\"name\":\"iddikcgk\",\"avatar\":\"169\",\"rating\":1043,\"seed\":[38757,56347,31101,61283]}\n>player p2 {\"name\":\"tyuuyyyy\",\"avatar\":\"hugh\",\"rating\":1000,\"seed\":[14824,50292,52037,63391]}\n>p1 move scald\n>p2 switch 6\n>p1 move scald\n>p2 move powerwhip\n>forcelose p2", "uploadtime": 1733888890, "views": 10, "formatid": "gen9randombattle", "rating": 1000, "private": 0, "password": null}