{"id": "gen9randombattle-2260807840", "format": "[Gen 9] Random Battle", "players": ["PaCromer", "sourlich"], "log": "|j|\u2606PaCromer\n|j|\u2606sourlich\n|t:|1733895621\n|gametype|singles\n|player|p1|PaCromer|pilot|1755\n|player|p2|sourlich|hexmaniac-gen6|1714\n|teamsize|p1|6\n|teamsize|p2|6\n|gen|9\n|tier|[Gen 9] Random Battle\n|rated|\n|rule|Species Clause: Limit one of each Pok\u00e9mon\n|rule|HP Percentage Mod: HP is shown in percentages\n|rule|Sleep Clause Mod: Limit one foe put to sleep\n|rule|Illusion Level Mod: Illusion disguises the Pok\u00e9mon's true level\n|\n|t:|1733895621\n|start\n|switch|p1a: Braviary|Braviary-Hisui, L85, M|326/326\n|switch|p2a: Espeon|Espeon, L84, F|246/246\n|turn|1\n|inactive|Battle timer is ON: inactive players will automatically lose when time's up. (requested by sourlich)\n|inactive|PaCromer also wants the timer to be on.\n|\n|t:|1733895640\n|switch|p1a: Skarmory|Skarmory, L80, M|235/235\n|move|p2a: Espeon|Shadow Ball|p1a: Skarmory\n|-crit|p1a: Skarmory\n|-damage|p1a: Skarmory|65/235\n|-unboost|p1a: Skarmory|spd|1\n|-damage|p2a: Espeon|222/246|[from] item: Life Orb\n|\n|-heal|p1a: Skarmory|79/235|[from] item: Leftovers\n|upkeep\n|turn|2\n|\n|t:|1733895658\n|move|p2a: Espeon|Shadow Ball|p1a: Skarmory\n|-crit|p1a: Skarmory\n|-damage|p1a: Skarmory|0 fnt\n|faint|p1a: Skarmory\n|-damage|p2a: Espeon|198/246|[from] item: Life Orb\n|\n|upkeep\n|\n|t:|1733895665\n|switch|p1a: Lucario|Lucario, L84, F|238/238\n|turn|3\n|\n|t:|1733895677\n|move|p2a: Espeon|Alluring Voice|p1a: Lucario\n|-supereffective|p1a: Lucario\n|-damage|p1a: Lucario|0 fnt\n|replace|p1a: Zoroark|Zoroark, L84, F\n|-end|p1a: Zoroark|Illusion\n|-hint|Illusion Level Mod is active, so this Pok\u00e9mon's true level was hidden.\n|faint|p1a: Zoroark\n|-damage|p2a: Espeon|174/246|[from] item: Life Orb\n|\n|upkeep\n|-message|PaCromer forfeited.\n|\n|win|sourlich\n|raw|PaCromer's rating: 1755 &rarr; <strong>1733</strong><br />(-22 for losing)\n|raw|sourlich's rating: 1714 &rarr; <strong>1736</strong><br />(+22 for winning)\n|l|\u2606PaCromer\n|player|p1|\n", "inputlog": ">version bfd83cad13791eb5a5a409923076391caf6fb4d4\n>start {\"formatid\":\"gen9randombattle\",\"seed\":[27651,26304,4932,58136],\"rated\":\"Rated battle\"}\n>player p1 {\"name\":\"PaCromer\",\"avatar\":\"pilot\",\"rating\":1755,\"seed\":[4551,40804,23660,14559]}\n>player p2 {\"name\":\"sourlich\",\"avatar\":\"hexmaniac-gen6\",\"rating\":1714,\"seed\":[44627,53433,57636,38831]}\n>p1 switch 2\n>p2 move shadowball\n>p1 move bravebird\n>p2 move shadowball\n>p1 switch 5\n>p1 move nastyplot\n>p2 move alluringvoice\n>forcelose p1", "uploadtime": 1733895688, "views": 1, "formatid": "gen9randombattle", "rating": 1733, "private": 0, "password": null}