{"id": "gen9randombattle-2206632154", "format": "[Gen 9] Random Battle", "players": ["Big Baz", "RB 2TChimps"], "log": "|badge|p2|silver|gen9randombattle|30-2\n|uhtml|medal-msg|<div class=\"broadcast-blue\">Curious what those medals under the avatar are? PS now has Ladder Seasons! For more information, check out the <a href=\"https://www.smogon.com/forums/threads/3740067/\">thread on Smogon.</a></div>\n|raw|<div class=\"broadcast-blue\"><strong>This battle is required to be public due to a player having a name starting with 'rb2t'.</div>\n|j|\u2606Big Baz\n|j|\u2606RB 2TChimps\n|t:|1726937913\n|gametype|singles\n|player|p1|Big Baz|ltsurge|2339\n|player|p2|RB 2TChimps|ethan|2442\n|teamsize|p1|6\n|teamsize|p2|6\n|gen|9\n|tier|[Gen 9] Random Battle\n|rated|\n|rule|Species Clause: Limit one of each Pok\u00e9mon\n|rule|HP Percentage Mod: HP is shown in percentages\n|rule|Sleep Clause Mod: Limit one foe put to sleep\n|rule|Illusion Level Mod: Illusion disguises the Pok\u00e9mon's true level\n|\n|t:|1726937913\n|start\n|switch|p1a: Oricorio|Oricorio-Pa'u, L87, M|272/272\n|switch|p2a: Drednaw|Drednaw, L81, M|278/278\n|turn|1\n|inactive|Battle timer is ON: inactive players will automatically lose when time's up. (requested by Big Baz)\n|inactive|RB 2TChimps has 120 seconds left.\n|\n|t:|1726937960\n|switch|p1a: Virizion|Virizion, L82|283/283\n|move|p2a: Drednaw|Stone Edge|p1a: Virizion|[miss]\n|-miss|p2a: Drednaw|p1a: Virizion\n|\n|upkeep\n|turn|2\n|\n|t:|1726937967\n|switch|p2a: Sinistcha|Sinistcha-Masterpiece, L83|254/254\n|move|p1a: Virizion|Swords Dance|p1a: Virizion\n|-boost|p1a: Virizion|atk|2\n|\n|upkeep\n|turn|3\n|\n|t:|1726937982\n|move|p1a: Virizion|Swords Dance|p1a: Virizion\n|-boost|p1a: Virizion|atk|2\n|move|p2a: Sinistcha|Shadow Ball|p1a: Virizion\n|-damage|p1a: Virizion|208/283\n|\n|upkeep\n|turn|4\n|\n|t:|1726937991\n|switch|p2a: Ditto|Ditto, L87|225/225\n|-transform|p2a: Ditto|p1a: Virizion|[from] ability: Imposter\n|-terastallize|p1a: Virizion|Rock\n|move|p1a: Virizion|Stone Edge|p2a: Ditto\n|-resisted|p2a: Ditto\n|-damage|p2a: Ditto|0 fnt\n|faint|p2a: Ditto\n|-damage|p1a: Virizion|180/283|[from] item: Life Orb\n|\n|upkeep\n|\n|t:|1726938008\n|switch|p2a: Sinistcha|Sinistcha-Masterpiece, L83|254/254\n|turn|5\n|\n|t:|1726938014\n|-terastallize|p2a: Sinistcha|Steel\n|move|p1a: Virizion|Close Combat|p2a: Sinistcha\n|-supereffective|p2a: Sinistcha\n|-damage|p2a: Sinistcha|0 fnt\n|-unboost|p1a: Virizion|def|1\n|-unboost|p1a: Virizion|spd|1\n|faint|p2a: Sinistcha\n|-damage|p1a: Virizion|152/283|[from] item: Life Orb\n|\n|upkeep\n|-message|RB 2TChimps forfeited.\n|\n|win|Big Baz\n|raw|Big Baz's rating: 2339 &rarr; <strong>2365</strong><br />(+26 for winning)\n|raw|RB 2TChimps's rating: 2442 &rarr; <strong>2416</strong><br />(-26 for losing)\n|l|\u2606RB 2TChimps\n|player|p2|\n|c|\u2606Big Baz|gg\n", "inputlog": ">version ddf5848a381b6afa3b8db755b9bdef59b522c4eb\n>start {\"formatid\":\"gen9randombattle\",\"seed\":[60556,23995,12150,51681],\"rated\":\"Rated battle\"}\n>player p1 {\"name\":\"Big Baz\",\"avatar\":\"ltsurge\",\"rating\":2339,\"seed\":[62912,15218,65145,7402]}\n>player p2 {\"name\":\"RB 2TChimps\",\"avatar\":\"ethan\",\"rating\":2442,\"seed\":[55210,60029,30465,15129]}\n>p1 switch 3\n>p2 move stoneedge\n>p1 move swordsdance\n>p2 switch 5\n>p1 move swordsdance\n>p2 move shadowball\n>p1 move stoneedge terastallize\n>p2 switch 6\n>p2 switch 6\n>p1 move closecombat\n>p2 move matchagotcha terastallize\n>forcelose p2", "uploadtime": 1726938026, "views": 91, "formatid": "gen9randombattle", "rating": 2365, "private": 0, "password": null}