{"id": "gen9randombattle-2260861887", "format": "[Gen 9] Random Battle", "players": ["manolovm01", "whatwork?"], "log": "|j|\u2606manolovm01\n|j|\u2606whatwork?\n|t:|1733906279\n|gametype|singles\n|player|p1|manolovm01|2|1179\n|player|p2|whatwork?|karen|1181\n|teamsize|p1|6\n|teamsize|p2|6\n|gen|9\n|tier|[Gen 9] Random Battle\n|rated|\n|rule|Species Clause: Limit one of each Pok\u00e9mon\n|rule|HP Percentage Mod: HP is shown in percentages\n|rule|Sleep Clause Mod: Limit one foe put to sleep\n|rule|Illusion Level Mod: Illusion disguises the Pok\u00e9mon's true level\n|\n|t:|1733906279\n|start\n|switch|p1a: Hitmontop|Hitmontop, L88, M|231/231\n|switch|p2a: Dudunsparce|Dudunsparce, L83, F|343/343\n|turn|1\n|inactive|Battle timer is ON: inactive players will automatically lose when time's up. (requested by manolovm01)\n|inactive|whatwork? has 120 seconds left.\n|\n|t:|1733906313\n|switch|p2a: Fezandipiti|Fezandipiti, L82, M|278/278\n|move|p1a: Hitmontop|Bulk Up|p1a: Hitmontop\n|-boost|p1a: Hitmontop|atk|1\n|-boost|p1a: Hitmontop|def|1\n|\n|upkeep\n|turn|2\n|inactive|manolovm01 has 120 seconds left.\n|\n|t:|1733906352\n|-terastallize|p1a: Hitmontop|Ice\n|move|p2a: Fezandipiti|Swords Dance|p2a: Fezandipiti\n|-boost|p2a: Fezandipiti|atk|2\n|move|p1a: Hitmontop|Triple Axel|p2a: Fezandipiti\n|-damage|p2a: Fezandipiti|226/278\n|-damage|p2a: Fezandipiti|118/278\n|-damage|p2a: Fezandipiti|0 fnt\n|faint|p2a: Fezandipiti\n|-hitcount|p2: Fezandipiti|3\n|\n|upkeep\n|\n|t:|1733906381\n|switch|p2a: Samurott|Samurott-Hisui, L77, M|265/265\n|turn|3\n|\n|t:|1733906387\n|move|p2a: Samurott|Flip Turn|p1a: Hitmontop\n|-damage|p1a: Hitmontop|174/231\n|inactive|whatwork? has 120 seconds left.\n|\n|t:|1733906429\n|switch|p2a: Lugia|Lugia, L72|272/272|[from] Flip Turn\n|move|p1a: Hitmontop|Rapid Spin|p2a: Lugia\n|-damage|p2a: Lugia|233/272\n|-boost|p1a: Hitmontop|spe|1\n|\n|-heal|p1a: Hitmontop|188/231|[from] item: Leftovers\n|upkeep\n|turn|4\n|\n|t:|1733906440\n|move|p1a: Hitmontop|Triple Axel|p2a: Lugia\n|-supereffective|p2a: Lugia\n|-damage|p2a: Lugia|137/272\n|-supereffective|p2a: Lugia\n|-damage|p2a: Lugia|0 fnt\n|faint|p2a: Lugia\n|-hitcount|p2: Lugia|2\n|\n|-heal|p1a: Hitmontop|202/231|[from] item: Leftovers\n|upkeep\n|-message|whatwork? forfeited.\n|\n|win|manolovm01\n|raw|manolovm01's rating: 1179 &rarr; <strong>1204</strong><br />(+25 for winning)\n|raw|whatwork?'s rating: 1181 &rarr; <strong>1156</strong><br />(-25 for losing)\n|l|\u2606whatwork?\n|player|p2|\n", "inputlog": ">version bfd83cad13791eb5a5a409923076391caf6fb4d4\n>start {\"formatid\":\"gen9randombattle\",\"seed\":[53955,24814,35582,44860],\"rated\":\"Rated battle\"}\n>player p1 {\"name\":\"manolovm01\",\"avatar\":\"2\",\"rating\":1179,\"seed\":[307,11906,39021,44197]}\n>player p2 {\"name\":\"whatwork?\",\"avatar\":\"karen\",\"rating\":1181,\"seed\":[58942,56011,22120,60018]}\n>p1 move bulkup\n>p2 switch 6\n>p1 move tripleaxel terastallize\n>p2 move swordsdance\n>p2 switch 4\n>p1 move rapidspin\n>p2 move flipturn\n>p2 switch 5\n>p1 move tripleaxel\n>p2 move aeroblast\n>forcelose p2", "uploadtime": 1733906456, "views": 1, "formatid": "gen9randombattle", "rating": 1156, "private": 0, "password": null}