{"id": "gen9randombattle-2143162927", "format": "[Gen 9] Random Battle", "players": ["MasterJ007", "Vitoran"], "log": "|badge|p1|gold|gen9randombattle|3-1\n|uhtml|medal-msg|<div class=\"broadcast-blue\">Curious what those medals under the avatar are? PS now has Ladder Seasons! For more information, check out the <a href=\"https://www.smogon.com/forums/threads/3740067/\">thread on Smogon.</a></div>\n|badge|p2|silver|gen9randombattle|30-1\n|uhtml|medal-msg|<div class=\"broadcast-blue\">Curious what those medals under the avatar are? PS now has Ladder Seasons! For more information, check out the <a href=\"https://www.smogon.com/forums/threads/3740067/\">thread on Smogon.</a></div>\n|j|\u2606MasterJ007\n|j|\u2606Vitoran\n|t:|1718370160\n|gametype|singles\n|player|p1|MasterJ007|#rbtt7teamsuicune|2488\n|player|p2|Vitoran|nemona-v|2411\n|teamsize|p1|6\n|teamsize|p2|6\n|gen|9\n|tier|[Gen 9] Random Battle\n|rated|\n|rule|Species Clause: Limit one of each Pok\u00e9mon\n|rule|HP Percentage Mod: HP is shown in percentages\n|rule|Sleep Clause Mod: Limit one foe put to sleep\n|rule|Illusion Level Mod: Illusion disguises the Pok\u00e9mon's true level\n|\n|t:|1718370160\n|start\n|switch|p1a: Ursaring|Ursaring, L84, F|288/288\n|switch|p2a: Floatzel|Floatzel, L85, M|283/283\n|turn|1\n|inactive|Battle timer is ON: inactive players will automatically lose when time's up. (requested by Vitoran)\n|c|\u2606Vitoran|ayyy\n|c|\u2606Vitoran|glhf\n|l|\u2606MasterJ007\n|inactive|MasterJ007 disconnected and has a minute to reconnect!\n|player|p1|\n|j|\u2606MasterJ007\n|inactive|MasterJ007 reconnected and has 135 seconds left.\n|player|p1|MasterJ007|#rbtt7teamsuicune|\n|c|\u2606Vitoran|about to loes to a top 3 90% gxe player\n|c|\u2606MasterJ007|Lol\n|c|\u2606MasterJ007|hf\n|inactive|MasterJ007 has 120 seconds left.\n|inactive|Vitoran has 120 seconds left.\n|j| ghostilex\n|inactive|Vitoran has 90 seconds left.\n|\n|t:|1718370232\n|switch|p2a: Amoonguss|Amoonguss, L82, F|321/321\n|move|p1a: Ursaring|Body Slam|p2a: Amoonguss\n|-damage|p2a: Amoonguss|171/321\n|-status|p2a: Amoonguss|par\n|-damage|p1a: Ursaring|240/288|[from] item: Rocky Helmet|[of] p2a: Amoonguss\n|\n|upkeep\n|turn|2\n|j| meamdefinitely4\n|c| meamdefinitely4|How could you\n|\n|t:|1718370250\n|switch|p1a: Sinistcha|Sinistcha, L83|254/254\n|switch|p2a: Bellibolt|Bellibolt, L84, F|320/320\n|\n|upkeep\n|turn|3\n|\n|t:|1718370258\n|switch|p1a: Ursaring|Ursaring, L84, F|240/288\n|move|p2a: Bellibolt|Toxic|p1a: Ursaring\n|-status|p1a: Ursaring|tox\n|\n|-damage|p1a: Ursaring|222/288 tox|[from] psn\n|upkeep\n|turn|4\n|j| Slikkles\n|\n|t:|1718370269\n|move|p1a: Ursaring|Body Slam|p2a: Bellibolt\n|-damage|p2a: Bellibolt|140/320\n|-start|p2a: Bellibolt|Charge|Body Slam|[from] ability: Electromorphosis\n|move|p2a: Bellibolt|Thunderbolt|p1a: Ursaring\n|-damage|p1a: Ursaring|72/288 tox\n|-end|p2a: Bellibolt|Charge|[silent]\n|\n|-heal|p2a: Bellibolt|160/320|[from] item: Leftovers\n|-damage|p1a: Ursaring|36/288 tox|[from] psn\n|upkeep\n|turn|5\n|l| meamdefinitely4\n|\n|t:|1718370291\n|switch|p2a: Hariyama|Hariyama, L87, F|392/392\n|move|p1a: Ursaring|Rest|p1a: Ursaring\n|-status|p1a: Ursaring|slp|[from] move: Rest\n|-heal|p1a: Ursaring|288/288 slp|[silent]\n|\n|-status|p2a: Hariyama|brn|[from] item: Flame Orb\n|upkeep\n|turn|6\n|\n|t:|1718370304\n|switch|p1a: Clawitzer|Clawitzer, L86, F|262/262\n|move|p2a: Hariyama|Knock Off|p1a: Clawitzer\n|-damage|p1a: Clawitzer|139/262\n|-enditem|p1a: Clawitzer|Choice Specs|[from] move: Knock Off|[of] p2a: Hariyama\n|\n|-damage|p2a: Hariyama|368/392 brn|[from] brn\n|upkeep\n|turn|7\n|\n|t:|1718370328\n|move|p1a: Clawitzer|Dragon Pulse|p2a: Hariyama\n|-damage|p2a: Hariyama|238/392 brn\n|move|p2a: Hariyama|Facade|p1a: Clawitzer\n|-damage|p1a: Clawitzer|0 fnt\n|faint|p1a: Clawitzer\n|\n|-damage|p2a: Hariyama|214/392 brn|[from] brn\n|upkeep\n|j| traxler counter\n|inactive|MasterJ007 has 120 seconds left.\n|\n|t:|1718370358\n|switch|p1a: Meloetta|Meloetta, L82|298/298\n|turn|8\n|inactive|Vitoran has 120 seconds left.\n|inactive|Vitoran has 90 seconds left.\n|c|\u2606Vitoran|how can i have two defensive mons and none of them work vs your guys\n|j| haxlolo\n|c|\u2606MasterJ007|Magic\n|\n|t:|1718370435\n|-terastallize|p2a: Hariyama|Normal\n|move|p1a: Meloetta|Psyshock|p2a: Hariyama\n|-damage|p2a: Hariyama|27/392 brn\n|move|p2a: Hariyama|Facade|p1a: Meloetta\n|-damage|p1a: Meloetta|1/298\n|\n|-damage|p2a: Hariyama|3/392 brn|[from] brn\n|upkeep\n|turn|9\n|c|\u2606MasterJ007|I knew the tera was coming but I couldn\u2019t bring myself to click another button\n|inactive|MasterJ007 has 90 seconds left.\n|\n|t:|1718370465\n|switch|p1a: Sinistcha|Sinistcha, L83|254/254\n|move|p2a: Hariyama|Bullet Punch|p1a: Sinistcha\n|-damage|p1a: Sinistcha|206/254\n|\n|-heal|p1a: Sinistcha|221/254|[from] item: Leftovers\n|-damage|p2a: Hariyama|0 fnt|[from] brn\n|faint|p2a: Hariyama\n|upkeep\n|j| 35Q71N\n|c| 35Q71N|BELLIBOLT\n|\n|t:|1718370478\n|switch|p2a: Bellibolt|Bellibolt, L84, F|160/320\n|turn|10\n|c|\u2606MasterJ007|Yes\n|inactive|MasterJ007 has 90 seconds left.\n|\n|t:|1718370491\n|move|p1a: Sinistcha|Calm Mind|p1a: Sinistcha\n|-boost|p1a: Sinistcha|spa|1\n|-boost|p1a: Sinistcha|spd|1\n|move|p2a: Bellibolt|Slack Off|p2a: Bellibolt\n|-heal|p2a: Bellibolt|320/320\n|\n|-heal|p1a: Sinistcha|236/254|[from] item: Leftovers\n|upkeep\n|turn|11\n|\n|t:|1718370501\n|-terastallize|p1a: Sinistcha|Steel\n|move|p1a: Sinistcha|Calm Mind|p1a: Sinistcha\n|-boost|p1a: Sinistcha|spa|1\n|-boost|p1a: Sinistcha|spd|1\n|move|p2a: Bellibolt|Toxic|p1a: Sinistcha\n|-immune|p1a: Sinistcha\n|\n|-heal|p1a: Sinistcha|251/254|[from] item: Leftovers\n|upkeep\n|turn|12\n|\n|t:|1718370512\n|switch|p2a: Sawsbuck|Sawsbuck-Autumn, L88, F|284/284\n|move|p1a: Sinistcha|Shadow Ball|p2a: Sawsbuck\n|-immune|p2a: Sawsbuck\n|\n|-heal|p1a: Sinistcha|254/254|[from] item: Leftovers\n|upkeep\n|turn|13\n|\n|t:|1718370530\n|switch|p1a: Meloetta|Meloetta, L82|1/298\n|move|p2a: Sawsbuck|Swords Dance|p2a: Sawsbuck\n|-boost|p2a: Sawsbuck|atk|2\n|\n|upkeep\n|turn|14\n|\n|t:|1718370540\n|move|p2a: Sawsbuck|Horn Leech|p1a: Meloetta\n|-crit|p1a: Meloetta\n|-damage|p1a: Meloetta|0 fnt\n|faint|p1a: Meloetta\n|-damage|p2a: Sawsbuck|256/284|[from] item: Life Orb\n|\n|upkeep\n|\n|t:|1718370551\n|switch|p1a: Ursaring|Ursaring, L84, F|288/288 slp\n|turn|15\n|inactive|Vitoran has 90 seconds left.\n|\n|t:|1718370560\n|move|p2a: Sawsbuck|Headbutt|p1a: Ursaring\n|-damage|p1a: Ursaring|132/288 slp\n|-damage|p2a: Sawsbuck|228/284|[from] item: Life Orb\n|cant|p1a: Ursaring|slp\n|move|p1a: Ursaring|Sleep Talk|p1a: Ursaring\n|move|p1a: Ursaring|Body Slam|p2a: Sawsbuck|[from]move: Sleep Talk\n|-damage|p2a: Sawsbuck|24/284\n|\n|upkeep\n|turn|16\n|inactive|MasterJ007 has 90 seconds left.\n|\n|t:|1718370591\n|switch|p1a: Zarude|Zarude, L78|292/292\n|move|p2a: Sawsbuck|Horn Leech|p1a: Zarude\n|-resisted|p1a: Zarude\n|-damage|p1a: Zarude|182/292\n|-heal|p2a: Sawsbuck|79/284|[from] drain|[of] p1a: Zarude\n|-damage|p2a: Sawsbuck|51/284|[from] item: Life Orb\n|\n|upkeep\n|turn|17\n|\n|t:|1718370604\n|switch|p1a: Ursaring|Ursaring, L84, F|132/288 slp\n|move|p2a: Sawsbuck|Headbutt|p1a: Ursaring\n|-damage|p1a: Ursaring|0 fnt\n|faint|p1a: Ursaring\n|-damage|p2a: Sawsbuck|23/284|[from] item: Life Orb\n|\n|upkeep\n|\n|t:|1718370608\n|switch|p1a: Zarude|Zarude, L78|182/292\n|turn|18\n|\n|t:|1718370624\n|move|p2a: Sawsbuck|Headbutt|p1a: Zarude\n|-crit|p1a: Zarude\n|-damage|p1a: Zarude|0 fnt\n|faint|p1a: Zarude\n|-damage|p2a: Sawsbuck|0 fnt|[from] item: Life Orb\n|faint|p2a: Sawsbuck\n|\n|upkeep\n|inactive|Vitoran has 90 seconds left.\n|\n|t:|1718370647\n|switch|p2a: Plusle|Plusle, L95, M|268/268\n|switch|p1a: Sinistcha|Sinistcha, L83, tera:Steel|254/254\n|turn|19\n|inactive|Vitoran has 90 seconds left.\n|inactive|MasterJ007 has 90 seconds left.\n|\n|t:|1718370668\n|move|p2a: Plusle|Nasty Plot|p2a: Plusle\n|-boost|p2a: Plusle|spa|2\n|move|p1a: Sinistcha|Calm Mind|p1a: Sinistcha\n|-boost|p1a: Sinistcha|spa|1\n|-boost|p1a: Sinistcha|spd|1\n|\n|upkeep\n|turn|20\n|inactive|MasterJ007 has 90 seconds left.\n|inactive|Vitoran has 90 seconds left.\n|inactive|MasterJ007 has 60 seconds left.\n|inactive|Vitoran has 60 seconds left.\n|\n|t:|1718370732\n|move|p2a: Plusle|Thunderbolt|p1a: Sinistcha\n|-damage|p1a: Sinistcha|40/254\n|-damage|p2a: Plusle|242/268|[from] item: Life Orb\n|move|p1a: Sinistcha|Matcha Gotcha|p2a: Plusle\n|-damage|p2a: Plusle|89/268\n|-heal|p1a: Sinistcha|117/254|[from] drain|[of] p2a: Plusle\n|\n|-heal|p1a: Sinistcha|132/254|[from] item: Leftovers\n|upkeep\n|turn|21\n|inactive|Vitoran has 60 seconds left.\n|inactive|MasterJ007 has 30 seconds left.\n|\n|t:|1718370752\n|move|p2a: Plusle|Thunderbolt|p1a: Sinistcha\n|-damage|p1a: Sinistcha|0 fnt\n|faint|p1a: Sinistcha\n|-damage|p2a: Plusle|63/268|[from] item: Life Orb\n|\n|upkeep\n|\n|t:|1718370753\n|switch|p1a: Phione|Phione, L90|290/290\n|turn|22\n|c|\u2606MasterJ007|Sadge\n|c|\u2606Vitoran|gg\n|\n|t:|1718370760\n|move|p2a: Plusle|Thunderbolt|p1a: Phione\n|-supereffective|p1a: Phione\n|-damage|p1a: Phione|0 fnt\n|faint|p1a: Phione\n|-damage|p2a: Plusle|37/268|[from] item: Life Orb\n|\n|win|Vitoran\n|raw|MasterJ007's rating: 2488 &rarr; <strong>2464</strong><br />(-24 for losing)\n|raw|Vitoran's rating: 2411 &rarr; <strong>2435</strong><br />(+24 for winning)\n|l|\u2606MasterJ007\n|player|p1|\n|c|\u2606Vitoran|sorry man\n|c| ghostilex|rip 90%\n|c|\u2606Vitoran|i didnt mean to battle him :(\n|l| Slikkles\n|l| haxlolo\n|c|\u2606Vitoran|i actually thought\n|c| ghostilex|as swiftly as it came it is gone\n|c|\u2606Vitoran|\"now that he got 90% he'll take a break so i can q without risk of facing him\"\n|c| ghostilex|hell get it back\n|c|\u2606Vitoran|he will\n|c|\u2606Vitoran|he's still top 2 too\n|c| ghostilex|do u want to play some 9 at some poibnt vito\n|c|\u2606Vitoran|i would love to\n|c|\u2606Vitoran|but i'm at work\n|c|\u2606Vitoran|only one game at a tie\n|c|\u2606Vitoran|time\n|c|\u2606Vitoran|sporadically\n|c| ghostilex|yeah i didnt mean now\n|c| ghostilex|i need to sleep anyway\n|c|\u2606Vitoran|alright bet\n|c| ghostilex|but at some point\n|l| traxler counter\n|c| 35Q71N|Gn ghost\n|c|\u2606Vitoran|of course\n|c| ghostilex|sweet looking forward to it\n|c| ghostilex|later guys\n|c| ghostilex|gn\n|c|\u2606Vitoran|you can dm me whenever\n|c|\u2606Vitoran|gngn\n|l| ghostilex\n|l| 35Q71N\n", "inputlog": ">version e046c5ea766451ca9500a73fe72ec774e92e6f7e\n>start {\"formatid\":\"gen9randombattle\",\"seed\":[22311,45250,48334,60238],\"rated\":\"Rated battle\"}\n>player p1 {\"name\":\"MasterJ007\",\"avatar\":\"#rbtt7teamsuicune\",\"rating\":2488,\"seed\":[26677,14543,37447,59848]}\n>player p2 {\"name\":\"Vitoran\",\"avatar\":\"nemona-v\",\"rating\":2411,\"seed\":[39332,43431,25101,34686]}\n>chat \u2606Vitoran|ayyy\n>chat \u2606Vitoran|glhf\n>chat \u2606Vitoran|about to loes to a top 3 90% gxe player \n>chat \u2606MasterJ007|Lol\n>chat \u2606MasterJ007|hf\n>p1 move bodyslam\n>p2 switch 2\n>chat  meamdefinitely4|How could you\n>p1 switch 6\n>p2 switch 3\n>p1 switch 6\n>p2 move toxic\n>p1 move bodyslam\n>p2 move thunderbolt\n>p1 move rest\n>p2 switch 5\n>p1 switch 5\n>p2 move knockoff\n>p1 move dragonpulse\n>p2 move facade\n>p1 switch 3\n>chat \u2606Vitoran|how can i have two defensive mons and none of them work vs your guys\n>chat \u2606MasterJ007|Magic\n>p1 move psyshock\n>p2 move facade terastallize\n>chat \u2606MasterJ007|I knew the tera was coming but I couldn\u2019t bring myself to click another button\n>p1 switch 6\n>p2 move bulletpunch\n>chat  35Q71N|BELLIBOLT\n>p2 switch 5\n>chat \u2606MasterJ007|Yes\n>p1 move calmmind\n>p2 move slackoff\n>p1 move calmmind terastallize\n>p2 move toxic\n>p1 move shadowball\n>p2 switch 4\n>p1 switch 6\n>p2 move swordsdance\n>p1 move focusblast\n>p2 move hornleech\n>p1 switch 5\n>p1 move sleeptalk\n>p2 move headbutt\n>p1 switch 2\n>p2 move hornleech\n>p1 switch 2\n>p2 move headbutt\n>p1 switch 2\n>p1 move uturn\n>p2 move headbutt\n>p1 switch 6\n>p2 switch 6\n>p1 move calmmind\n>p2 move nastyplot\n>p1 move matchagotcha\n>p2 move thunderbolt\n>p1 move matchagotcha\n>p2 move thunderbolt\n>p1 switch 4\n>chat \u2606MasterJ007|Sadge\n>chat \u2606Vitoran|gg\n>p1 move icebeam\n>p2 move thunderbolt", "uploadtime": 1718370766, "views": 192, "formatid": "gen9randombattle", "rating": 2435, "private": 0, "password": null}