{"id": "gen9randombattle-2260423143", "format": "[Gen 9] Random Battle", "players": ["yomana828", "MrPopoTheGodOfAlll"], "log": "|j|\u2606yomana828\n|j|\u2606MrPopoTheGodOfAlll\n|t:|1733850170\n|gametype|singles\n|player|p1|yomana828|266|1334\n|player|p2|MrPopoTheGodOfAlll|ash-sinnoh|1343\n|teamsize|p1|6\n|teamsize|p2|6\n|gen|9\n|tier|[Gen 9] Random Battle\n|rated|\n|rule|Species Clause: Limit one of each Pok\u00e9mon\n|rule|HP Percentage Mod: HP is shown in percentages\n|rule|Sleep Clause Mod: Limit one foe put to sleep\n|rule|Illusion Level Mod: Illusion disguises the Pok\u00e9mon's true level\n|\n|t:|1733850170\n|start\n|switch|p1a: Cetitan|Cetitan, L82, M|412/412\n|switch|p2a: Serperior|Serperior, L79, F|248/248\n|turn|1\n|inactive|Battle timer is ON: inactive players will automatically lose when time's up. (requested by MrPopoTheGodOfAlll)\n|\n|t:|1733850181\n|switch|p2a: Clawitzer|Clawitzer, L87, M|265/265\n|move|p1a: Cetitan|Belly Drum|p1a: Cetitan\n|-damage|p1a: Cetitan|206/412\n|-setboost|p1a: Cetitan|atk|6|[from] move: Belly Drum\n|-enditem|p1a: Cetitan|Sitrus Berry|[eat]\n|-heal|p1a: Cetitan|309/412|[from] item: Sitrus Berry\n|\n|upkeep\n|turn|2\n|inactive|yomana828 has 120 seconds left.\n|\n|t:|1733850236\n|move|p1a: Cetitan|Earthquake|p2a: Clawitzer\n|-damage|p2a: Clawitzer|0 fnt\n|faint|p2a: Clawitzer\n|\n|upkeep\n|\n|t:|1733850242\n|switch|p2a: Ditto|Ditto, L87|225/225\n|-transform|p2a: Ditto|p1a: Cetitan|[from] ability: Imposter\n|turn|3\n|inactive|yomana828 has 90 seconds left.\n|c|\u2606MrPopoTheGodOfAlll|:)\n|\n|t:|1733850276\n|move|p1a: Cetitan|Ice Shard|p2a: Ditto\n|-resisted|p2a: Ditto\n|-damage|p2a: Ditto|163/225\n|move|p2a: Ditto|Earthquake|p1a: Cetitan\n|-damage|p1a: Cetitan|0 fnt\n|faint|p1a: Cetitan\n|\n|upkeep\n|\n|t:|1733850291\n|switch|p1a: Espathra|Espathra, L80, M|283/283\n|turn|4\n|\n|t:|1733850301\n|move|p2a: Ditto|Earthquake|p1a: Espathra\n|-damage|p1a: Espathra|0 fnt\n|faint|p1a: Espathra\n|\n|upkeep\n|-message|yomana828 forfeited.\n|\n|win|MrPopoTheGodOfAlll\n|raw|yomana828's rating: 1334 &rarr; <strong>1315</strong><br />(-19 for losing)\n|raw|MrPopoTheGodOfAlll's rating: 1343 &rarr; <strong>1362</strong><br />(+19 for winning)\n|l|\u2606yomana828\n|player|p1|\n", "inputlog": ">version bfd83cad13791eb5a5a409923076391caf6fb4d4\n>start {\"formatid\":\"gen9randombattle\",\"seed\":[58278,21399,16154,18002],\"rated\":\"Rated battle\"}\n>player p1 {\"name\":\"yomana828\",\"avatar\":\"266\",\"rating\":1334,\"seed\":[60081,5078,16727,29866]}\n>player p2 {\"name\":\"MrPopoTheGodOfAlll\",\"avatar\":\"ash-sinnoh\",\"rating\":1343,\"seed\":[60153,8636,30490,24525]}\n>p1 move bellydrum\n>p2 switch 2\n>p1 move earthquake\n>p2 move waterpulse\n>p2 switch 5\n>chat \u2606MrPopoTheGodOfAlll|:)\n>p1 move iceshard\n>p2 move earthquake\n>p1 switch 2\n>p1 move luminacrash\n>p2 move earthquake\n>forcelose p1", "uploadtime": 1733850316, "views": 1, "formatid": "gen9randombattle", "rating": 1315, "private": 0, "password": null}