{"id": "gen9randombattle-2260534870", "format": "[Gen 9] Random Battle", "players": ["Marechal312", "Eggcognito"], "log": "|j|\u2606Marechal312\n|j|\u2606Eggcognito\n|t:|1733861008\n|gametype|singles\n|player|p1|Marechal312|265|1622\n|player|p2|Eggcognito|veteran|1656\n|teamsize|p1|6\n|teamsize|p2|6\n|gen|9\n|tier|[Gen 9] Random Battle\n|rated|\n|rule|Species Clause: Limit one of each Pok\u00e9mon\n|rule|HP Percentage Mod: HP is shown in percentages\n|rule|Sleep Clause Mod: Limit one foe put to sleep\n|rule|Illusion Level Mod: Illusion disguises the Pok\u00e9mon's true level\n|\n|t:|1733861008\n|start\n|switch|p1a: Enamorus|Enamorus-Therian, L83, F|259/259\n|switch|p2a: Dugtrio|Dugtrio-Alola, L84, M|196/196\n|turn|1\n|-message|Marechal312 forfeited.\n|\n|win|Eggcognito\n|raw|Marechal312's rating: 1622 &rarr; <strong>1604</strong><br />(-18 for losing)\n|raw|Eggcognito's rating: 1656 &rarr; <strong>1674</strong><br />(+18 for winning)\n|l|\u2606Marechal312\n|player|p1|\n", "inputlog": ">version bfd83cad13791eb5a5a409923076391caf6fb4d4\n>start {\"formatid\":\"gen9randombattle\",\"seed\":[40824,24045,42332,15906],\"rated\":\"Rated battle\"}\n>player p1 {\"name\":\"Marechal312\",\"avatar\":\"265\",\"rating\":1622,\"seed\":[57862,36021,43538,14902]}\n>player p2 {\"name\":\"Eggcognito\",\"avatar\":\"veteran\",\"rating\":1656,\"seed\":[38209,40853,62156,35703]}\n>forcelose p1", "uploadtime": 1733861028, "views": 9, "formatid": "gen9randombattle", "rating": 1604, "private": 0, "password": null}