{"id": "gen9randombattle-2260921809", "format": "[Gen 9] Random Battle", "players": ["N1GHTWOOD", "unijij"], "log": "|j|\u2606N1GHTWOOD\n|j|\u2606unijij\n|t:|1733917172\n|gametype|singles\n|player|p1|N1GHTWOOD|chuck|1776\n|player|p2|unijij|170|1701\n|teamsize|p1|6\n|teamsize|p2|6\n|gen|9\n|tier|[Gen 9] Random Battle\n|rated|\n|rule|Species Clause: Limit one of each Pok\u00e9mon\n|rule|HP Percentage Mod: HP is shown in percentages\n|rule|Sleep Clause Mod: Limit one foe put to sleep\n|rule|Illusion Level Mod: Illusion disguises the Pok\u00e9mon's true level\n|\n|t:|1733917172\n|start\n|switch|p1a: Palossand|Palossand, L89, M|296/296\n|switch|p2a: Magnezone|Magnezone, L85|258/258\n|turn|1\n|inactive|Battle timer is ON: inactive players will automatically lose when time's up. (requested by unijij)\n|\n|t:|1733917191\n|switch|p2a: Ogerpon|Ogerpon, L80, F|259/259\n|move|p1a: Palossand|Shadow Ball|p2a: Ogerpon\n|-damage|p2a: Ogerpon|166/259\n|-unboost|p2a: Ogerpon|spd|1\n|-ability|p2a: Ogerpon|Defiant|boost\n|-boost|p2a: Ogerpon|atk|2\n|\n|upkeep\n|turn|2\n|\n|t:|1733917215\n|switch|p1a: Coalossal|Coalossal, L89, M|341/341\n|move|p2a: Ogerpon|Knock Off|p1a: Coalossal\n|-damage|p1a: Coalossal|192/341\n|-enditem|p1a: Coalossal|Heavy-Duty Boots|[from] move: Knock Off|[of] p2a: Ogerpon\n|-damage|p2a: Ogerpon|141/259|[from] item: Life Orb\n|\n|upkeep\n|turn|3\n|\n|t:|1733917225\n|move|p2a: Ogerpon|Ivy Cudgel|p1a: Coalossal\n|-damage|p1a: Coalossal|0 fnt\n|faint|p1a: Coalossal\n|-damage|p2a: Ogerpon|116/259|[from] item: Life Orb\n|\n|upkeep\n|inactive|N1GHTWOOD has 120 seconds left.\n|\n|t:|1733917274\n|switch|p1a: Vivillon|Vivillon-Tundra, L84, M|272/272\n|turn|4\n|\n|t:|1733917281\n|move|p2a: Ogerpon|Knock Off|p1a: Vivillon\n|-damage|p1a: Vivillon|0 fnt\n|-enditem|p1a: Vivillon|Heavy-Duty Boots|[from] move: Knock Off|[of] p2a: Ogerpon\n|faint|p1a: Vivillon\n|-damage|p2a: Ogerpon|91/259|[from] item: Life Orb\n|\n|upkeep\n|\n|t:|1733917289\n|switch|p1a: Keldeo|Keldeo-Resolute, L79|273/273\n|turn|5\n|\n|t:|1733917303\n|-terastallize|p1a: Keldeo|Steel\n|move|p2a: Ogerpon|Superpower|p1a: Keldeo\n|-supereffective|p1a: Keldeo\n|-damage|p1a: Keldeo|0 fnt\n|-unboost|p2a: Ogerpon|atk|1\n|-unboost|p2a: Ogerpon|def|1\n|faint|p1a: Keldeo\n|-damage|p2a: Ogerpon|66/259|[from] item: Life Orb\n|\n|upkeep\n|-message|N1GHTWOOD forfeited.\n|\n|win|unijij\n|raw|N1GHTWOOD's rating: 1776 &rarr; <strong>1752</strong><br />(-24 for losing)\n|raw|unijij's rating: 1701 &rarr; <strong>1725</strong><br />(+24 for winning)\n|l|\u2606N1GHTWOOD\n|player|p1|\n", "inputlog": ">version bfd83cad13791eb5a5a409923076391caf6fb4d4\n>start {\"formatid\":\"gen9randombattle\",\"seed\":[13922,12346,2522,9127],\"rated\":\"Rated battle\"}\n>player p1 {\"name\":\"N1GHTWOOD\",\"avatar\":\"chuck\",\"rating\":1776,\"seed\":[56842,28591,59643,3196]}\n>player p2 {\"name\":\"unijij\",\"avatar\":\"170\",\"rating\":1701,\"seed\":[21869,21809,34768,8082]}\n>p1 move shadowball\n>p2 switch 2\n>p1 switch 5\n>p2 move knockoff\n>p1 move overheat\n>p2 move ivycudgel\n>p1 switch 6\n>p1 move hurricane\n>p2 move knockoff\n>p1 switch 2\n>p1 move secretsword terastallize\n>p2 move superpower\n>forcelose p1", "uploadtime": 1733917315, "views": 4, "formatid": "gen9randombattle", "rating": 1725, "private": 0, "password": null}