{"id": "gen9randombattle-2152949532", "format": "[Gen 9] Random Battle", "players": ["MichaelderBeste2", "drifttrick"], "log": "|badge|p1|gold|gen9randombattle|3-1\n|html|<div class=\"broadcast-red\"><strong>This battle is required to be public due to one or more player having a season medal.</strong><br />During the public phase, you can discuss the state of the ladder <a href=\"/seasondiscussion\">in a special chatroom.</a></div>\n|uhtml|medal-msg|<div class=\"broadcast-blue\">Curious what those medals under the avatar are? PS now has Ladder Seasons! For more information, check out the <a href=\"https://www.smogon.com/forums/threads/3740067/\">thread on Smogon.</a></div>\n|badge|p2|gold|gen9randombattle|3-1\n|uhtml|medal-msg|<div class=\"broadcast-blue\">Curious what those medals under the avatar are? PS now has Ladder Seasons! For more information, check out the <a href=\"https://www.smogon.com/forums/threads/3740067/\">thread on Smogon.</a></div>\n|j|\u2606MichaelderBeste2\n|j|\u2606drifttrick\n|t:|1719791621\n|gametype|singles\n|player|p1|MichaelderBeste2|#scl3platoon2|2568\n|player|p2|drifttrick|teamrocket|2556\n|teamsize|p1|6\n|teamsize|p2|6\n|gen|9\n|tier|[Gen 9] Random Battle\n|rated|\n|rule|Species Clause: Limit one of each Pok\u00e9mon\n|rule|HP Percentage Mod: HP is shown in percentages\n|rule|Sleep Clause Mod: Limit one foe put to sleep\n|rule|Illusion Level Mod: Illusion disguises the Pok\u00e9mon's true level\n|\n|t:|1719791621\n|start\n|switch|p1a: Dragonite|Dragonite, L74, F|257/257\n|switch|p2a: Pincurchin|Pincurchin, L99, M|255/255\n|-fieldstart|move: Electric Terrain|[from] ability: Electric Surge|[of] p2a: Pincurchin\n|turn|1\n|inactive|Battle timer is ON: inactive players will automatically lose when time's up. (requested by drifttrick)\n|c|\u2606drifttrick|glhf\n|c|\u2606MichaelderBeste2|hf\n|j| winter$torm\n|\n|t:|1719791633\n|move|p1a: Dragonite|Earthquake|p2a: Pincurchin\n|-supereffective|p2a: Pincurchin\n|-damage|p2a: Pincurchin|147/255\n|move|p2a: Pincurchin|Spikes|p1a: Dragonite\n|-sidestart|p1: MichaelderBeste2|Spikes\n|\n|-heal|p2a: Pincurchin|162/255|[from] item: Leftovers\n|upkeep\n|turn|2\n|\n|t:|1719791643\n|move|p1a: Dragonite|Dragon Dance|p1a: Dragonite\n|-boost|p1a: Dragonite|atk|1\n|-boost|p1a: Dragonite|spe|1\n|move|p2a: Pincurchin|Discharge|p1a: Dragonite\n|-damage|p1a: Dragonite|185/257\n|\n|-heal|p2a: Pincurchin|177/255|[from] item: Leftovers\n|upkeep\n|turn|3\n|\n|t:|1719791651\n|switch|p2a: Delibird|Delibird, F|252/252\n|move|p1a: Dragonite|Earthquake|p2a: Delibird\n|-immune|p2a: Delibird\n|\n|upkeep\n|turn|4\n|\n|t:|1719791669\n|move|p2a: Delibird|Ice Shard|p1a: Dragonite\n|-supereffective|p1a: Dragonite\n|-damage|p1a: Dragonite|0 fnt\n|faint|p1a: Dragonite\n|\n|upkeep\n|\n|t:|1719791679\n|switch|p1a: Electivire|Electivire, L84, M|263/263\n|-damage|p1a: Electivire|231/263|[from] Spikes\n|turn|5\n|j| sasha thumper\n|\n|t:|1719791683\n|switch|p2a: Great Tusk|Great Tusk, L77|304/304\n|move|p1a: Electivire|Knock Off|p2a: Great Tusk\n|-resisted|p2a: Great Tusk\n|-damage|p2a: Great Tusk|264/304\n|-enditem|p2a: Great Tusk|Leftovers|[from] move: Knock Off|[of] p1a: Electivire\n|-damage|p1a: Electivire|205/263|[from] item: Life Orb\n|\n|-fieldend|move: Electric Terrain\n|upkeep\n|turn|6\n|\n|t:|1719791688\n|switch|p1a: Gothitelle|Gothitelle, L90, F|272/272\n|-damage|p1a: Gothitelle|238/272|[from] Spikes\n|move|p2a: Great Tusk|Close Combat|p1a: Gothitelle\n|-resisted|p1a: Gothitelle\n|-damage|p1a: Gothitelle|178/272\n|-unboost|p2a: Great Tusk|def|1\n|-unboost|p2a: Great Tusk|spd|1\n|\n|upkeep\n|turn|7\n|\n|t:|1719791695\n|move|p1a: Gothitelle|Psychic|p2a: Great Tusk\n|-supereffective|p2a: Great Tusk\n|-damage|p2a: Great Tusk|0 fnt\n|faint|p2a: Great Tusk\n|-end|p2a: Great Tusk|Protosynthesis|[silent]\n|\n|upkeep\n|\n|t:|1719791705\n|switch|p2a: Darkrai|Darkrai, L76|231/231\n|turn|8\n|\n|t:|1719791709\n|switch|p1a: Passimian|Passimian, L83, F|302/302\n|-damage|p1a: Passimian|265/302|[from] Spikes\n|move|p2a: Darkrai|Nasty Plot|p2a: Darkrai\n|-boost|p2a: Darkrai|spa|2\n|\n|upkeep\n|turn|9\n|\n|t:|1719791718\n|-terastallize|p2a: Darkrai|Poison\n|move|p1a: Passimian|Close Combat|p2a: Darkrai\n|-resisted|p2a: Darkrai\n|-damage|p2a: Darkrai|148/231\n|-unboost|p1a: Passimian|def|1\n|-unboost|p1a: Passimian|spd|1\n|move|p2a: Darkrai|Hypnosis|p1a: Passimian|[miss]\n|-miss|p2a: Darkrai|p1a: Passimian\n|\n|upkeep\n|turn|10\n|\n|t:|1719791727\n|move|p1a: Passimian|Close Combat|p2a: Darkrai\n|-resisted|p2a: Darkrai\n|-damage|p2a: Darkrai|63/231\n|-unboost|p1a: Passimian|def|1\n|-unboost|p1a: Passimian|spd|1\n|move|p2a: Darkrai|Sludge Bomb|p1a: Passimian\n|-damage|p1a: Passimian|0 fnt\n|faint|p1a: Passimian\n|-damage|p2a: Darkrai|40/231|[from] item: Life Orb\n|\n|upkeep\n|\n|t:|1719791731\n|switch|p1a: Cyclizar|Cyclizar, L83, M|252/252\n|turn|11\n|\n|t:|1719791734\n|move|p1a: Cyclizar|Rapid Spin|p2a: Darkrai\n|-damage|p2a: Darkrai|0 fnt\n|-boost|p1a: Cyclizar|spe|1\n|-sideend|p1: MichaelderBeste2|Spikes|[from] move: Rapid Spin|[of] p1a: Cyclizar\n|faint|p2a: Darkrai\n|\n|upkeep\n|j| paysa\n|\n|t:|1719791738\n|switch|p2a: Delibird|Delibird, F|252/252\n|turn|12\n|\n|t:|1719791743\n|move|p1a: Cyclizar|Shed Tail|p1a: Cyclizar\n|-start|p1a: Cyclizar|Substitute|[from] move: Shed Tail\n|-damage|p1a: Cyclizar|126/252\n|\n|t:|1719791749\n|switch|p1a: Electivire|Electivire, L84, M|205/263|[from] Shed Tail\n|move|p2a: Delibird|Ice Spinner|p1a: Electivire\n|-end|p1a: Electivire|Substitute\n|\n|upkeep\n|turn|13\n|\n|t:|1719791754\n|switch|p2a: Latias|Latias, L79, F|256/256\n|move|p1a: Electivire|Supercell Slam|p2a: Latias\n|-resisted|p2a: Latias\n|-damage|p2a: Latias|174/256\n|-damage|p1a: Electivire|179/263|[from] item: Life Orb\n|\n|upkeep\n|turn|14\n|\n|t:|1719791759\n|switch|p1a: Gothitelle|Gothitelle, L90, F|178/272\n|move|p2a: Latias|Draco Meteor|p1a: Gothitelle\n|-damage|p1a: Gothitelle|57/272\n|-unboost|p2a: Latias|spa|2\n|\n|upkeep\n|turn|15\n|\n|t:|1719791770\n|move|p1a: Gothitelle|Dark Pulse|p2a: Latias\n|-supereffective|p2a: Latias\n|-damage|p2a: Latias|74/256\n|move|p2a: Latias|Draco Meteor|p1a: Gothitelle\n|-damage|p1a: Gothitelle|0 fnt\n|-unboost|p2a: Latias|spa|2\n|faint|p1a: Gothitelle\n|\n|upkeep\n|\n|t:|1719791773\n|switch|p1a: Cyclizar|Cyclizar, L83, M|210/252\n|turn|16\n|\n|t:|1719791778\n|switch|p2a: Oinkologne|Oinkologne-F, L92, F|361/361\n|move|p1a: Cyclizar|Knock Off|p2a: Oinkologne\n|-damage|p2a: Oinkologne|285/361\n|-enditem|p2a: Oinkologne|Leftovers|[from] move: Knock Off|[of] p1a: Cyclizar\n|\n|upkeep\n|turn|17\n|\n|t:|1719791786\n|move|p1a: Cyclizar|Shed Tail|p1a: Cyclizar\n|-start|p1a: Cyclizar|Substitute|[from] move: Shed Tail\n|-damage|p1a: Cyclizar|84/252\n|\n|t:|1719791788\n|switch|p1a: Sinistcha|Sinistcha, L83|254/254|[from] Shed Tail\n|move|p2a: Oinkologne|Double-Edge|p1a: Sinistcha\n|-immune|p1a: Sinistcha\n|\n|upkeep\n|turn|18\n|\n|t:|1719791792\n|move|p2a: Oinkologne|Lash Out|p1a: Sinistcha\n|-supereffective|p1a: Sinistcha\n|-end|p1a: Sinistcha|Substitute\n|move|p1a: Sinistcha|Calm Mind|p1a: Sinistcha\n|-boost|p1a: Sinistcha|spa|1\n|-boost|p1a: Sinistcha|spd|1\n|\n|upkeep\n|turn|19\n|j|+pokeblade\u2606101\n|c|+pokeblade\u2606101|...\n|j| Miss Galaxy Note 7\n|c|+pokeblade\u2606101|i guess this is the game that determines who is getting first in this season\n|inactive|drifttrick has 120 seconds left.\n|c| paysa|season finale\n|c|\u2606MichaelderBeste2|well\n|c| sasha thumper|if they finish it\n|\n|t:|1719791834\n|move|p2a: Oinkologne|Curse|p2a: Oinkologne\n|-unboost|p2a: Oinkologne|spe|1\n|-boost|p2a: Oinkologne|atk|1\n|-boost|p2a: Oinkologne|def|1\n|move|p1a: Sinistcha|Matcha Gotcha|p2a: Oinkologne\n|-damage|p2a: Oinkologne|159/361\n|-status|p2a: Oinkologne|brn\n|\n|-damage|p2a: Oinkologne|137/361 brn|[from] brn\n|upkeep\n|turn|20\n|\n|t:|1719791843\n|move|p1a: Sinistcha|Calm Mind|p1a: Sinistcha\n|-boost|p1a: Sinistcha|spa|1\n|-boost|p1a: Sinistcha|spd|1\n|move|p2a: Oinkologne|Lash Out|p1a: Sinistcha\n|-supereffective|p1a: Sinistcha\n|-damage|p1a: Sinistcha|181/254\n|\n|-heal|p1a: Sinistcha|196/254|[from] item: Leftovers\n|-damage|p2a: Oinkologne|115/361 brn|[from] brn\n|upkeep\n|turn|21\n|j| latias999999999\n|\n|t:|1719791849\n|move|p1a: Sinistcha|Matcha Gotcha|p2a: Oinkologne\n|-damage|p2a: Oinkologne|0 fnt\n|-heal|p1a: Sinistcha|254/254|[from] drain|[of] p2a: Oinkologne\n|faint|p2a: Oinkologne\n|\n|upkeep\n|inactive|drifttrick has 120 seconds left.\n|\n|t:|1719791881\n|switch|p2a: Pincurchin|Pincurchin, L99, M|177/255\n|-fieldstart|move: Electric Terrain|[from] ability: Electric Surge|[of] p2a: Pincurchin\n|turn|22\n|\n|t:|1719791893\n|move|p1a: Sinistcha|Calm Mind|p1a: Sinistcha\n|-boost|p1a: Sinistcha|spa|1\n|-boost|p1a: Sinistcha|spd|1\n|move|p2a: Pincurchin|Discharge|p1a: Sinistcha\n|-resisted|p1a: Sinistcha\n|-damage|p1a: Sinistcha|222/254\n|-status|p1a: Sinistcha|par\n|\n|-heal|p2a: Pincurchin|192/255|[from] item: Leftovers\n|-heal|p1a: Sinistcha|237/254 par|[from] item: Leftovers\n|upkeep\n|turn|23\n|j| John Dozo\n|c| John Dozo|no way\n|\n|t:|1719791904\n|switch|p2a: Latias|Latias, L79, F|74/256\n|move|p1a: Sinistcha|Shadow Ball|p2a: Latias\n|-supereffective|p2a: Latias\n|-damage|p2a: Latias|0 fnt\n|faint|p2a: Latias\n|\n|-heal|p1a: Sinistcha|252/254 par|[from] item: Leftovers\n|upkeep\n|\n|t:|1719791906\n|switch|p2a: Delibird|Delibird, F|252/252\n|turn|24\n|\n|t:|1719791914\n|-terastallize|p1a: Sinistcha|Steel\n|move|p2a: Delibird|Drill Run|p1a: Sinistcha\n|-supereffective|p1a: Sinistcha\n|-damage|p1a: Sinistcha|106/254 par\n|cant|p1a: Sinistcha|par\n|\n|-heal|p1a: Sinistcha|121/254 par|[from] item: Leftovers\n|upkeep\n|turn|25\n|c| paysa|oh\n|\n|t:|1719791922\n|move|p2a: Delibird|Drill Run|p1a: Sinistcha\n|-supereffective|p1a: Sinistcha\n|-damage|p1a: Sinistcha|0 fnt\n|faint|p1a: Sinistcha\n|\n|upkeep\n|c|\u2606drifttrick|mb\n|\n|t:|1719791924\n|switch|p1a: Electivire|Electivire, L84, M|179/263\n|turn|26\n|\n|t:|1719791945\n|switch|p2a: Pincurchin|Pincurchin, L99, M|192/255\n|move|p1a: Electivire|Supercell Slam|p2a: Pincurchin\n|-resisted|p2a: Pincurchin\n|-damage|p2a: Pincurchin|98/255\n|-damage|p1a: Electivire|153/263|[from] item: Life Orb\n|\n|-heal|p2a: Pincurchin|113/255|[from] item: Leftovers\n|-fieldend|move: Electric Terrain\n|upkeep\n|turn|27\n|\n|t:|1719791957\n|switch|p1a: Cyclizar|Cyclizar, L83, M|168/252\n|move|p2a: Pincurchin|Recover|p2a: Pincurchin\n|-heal|p2a: Pincurchin|241/255\n|\n|-heal|p2a: Pincurchin|255/255|[from] item: Leftovers\n|upkeep\n|turn|28\n|j| snorlax142857\n|\n|t:|1719791961\n|move|p1a: Cyclizar|Knock Off|p2a: Pincurchin\n|-damage|p2a: Pincurchin|197/255\n|-enditem|p2a: Pincurchin|Leftovers|[from] move: Knock Off|[of] p1a: Cyclizar\n|move|p2a: Pincurchin|Discharge|p1a: Cyclizar\n|-resisted|p1a: Cyclizar\n|-damage|p1a: Cyclizar|94/252\n|\n|upkeep\n|turn|29\n|\n|t:|1719791967\n|move|p1a: Cyclizar|Draco Meteor|p2a: Pincurchin|[miss]\n|-miss|p1a: Cyclizar|p2a: Pincurchin\n|move|p2a: Pincurchin|Scald|p1a: Cyclizar\n|-resisted|p1a: Cyclizar\n|-damage|p1a: Cyclizar|46/252\n|\n|upkeep\n|turn|30\n|\n|t:|1719791972\n|move|p1a: Cyclizar|Draco Meteor|p2a: Pincurchin|[miss]\n|-miss|p1a: Cyclizar|p2a: Pincurchin\n|move|p2a: Pincurchin|Recover|p2a: Pincurchin\n|-heal|p2a: Pincurchin|255/255\n|\n|upkeep\n|turn|31\n|\n|t:|1719791974\n|move|p1a: Cyclizar|Draco Meteor|p2a: Pincurchin\n|-damage|p2a: Pincurchin|140/255\n|-unboost|p1a: Cyclizar|spa|2\n|move|p2a: Pincurchin|Scald|p1a: Cyclizar\n|-resisted|p1a: Cyclizar\n|-crit|p1a: Cyclizar\n|-damage|p1a: Cyclizar|0 fnt\n|faint|p1a: Cyclizar\n|\n|upkeep\n|\n|t:|1719791982\n|switch|p1a: Electivire|Electivire, L84, M|153/263\n|turn|32\n|\n|t:|1719791991\n|move|p1a: Electivire|Ice Punch|p2a: Pincurchin\n|-damage|p2a: Pincurchin|69/255\n|-damage|p1a: Electivire|127/263|[from] item: Life Orb\n|move|p2a: Pincurchin|Scald|p1a: Electivire\n|-damage|p1a: Electivire|45/263\n|-status|p1a: Electivire|brn\n|\n|-damage|p1a: Electivire|29/263 brn|[from] brn\n|upkeep\n|turn|33\n|c|\u2606MichaelderBeste2|yea lmao\n|c|\u2606drifttrick|gg\n|c| John Dozo|holy\n|c|\u2606drifttrick|it wont update anyways\n|c|\u2606drifttrick|but i didnt deserve the win\n|c| sasha thumper|that cyclizar simply did not want it bad enough\n|inactive|MichaelderBeste2 has 120 seconds left.\n|l| Miss Galaxy Note 7\n|j| hammy358\n|j| broke his crown\n|l| winter$torm\n|c|\u2606drifttrick|i mean you easily couldve taken a long time on every turn anyways\n|inactive|MichaelderBeste2 has 90 seconds left.\n|inactive|MichaelderBeste2 has 60 seconds left.\n|c|+pokeblade\u2606101|wow\n|c|+pokeblade\u2606101|thats so crazy that drifttrick won this LOL\n|c| broke his crown|good on you drifttrick\n|inactive|MichaelderBeste2 has 30 seconds left.\n|c|\u2606drifttrick|in my defense i was just literally clicking random moves for time purposes\n|inactive|MichaelderBeste2 has 20 seconds left.\n|inactive|MichaelderBeste2 has 15 seconds left.\n|c|\u2606drifttrick|so it wasnt the greatest game anyways\n|c|\u2606MichaelderBeste2|gg\n|inactive|MichaelderBeste2 has 10 seconds left.\n|c| paysa|the discharge play was the only line to winning tbh\n|inactive|MichaelderBeste2 has 5 seconds left.\n|c| John Dozo|gg guys\n|\n|t:|1719792140\n|move|p1a: Electivire|Flamethrower|p2a: Pincurchin\n|-damage|p2a: Pincurchin|3/255\n|-damage|p1a: Electivire|3/263 brn|[from] item: Life Orb\n|move|p2a: Pincurchin|Scald|p1a: Electivire\n|-damage|p1a: Electivire|0 fnt\n|faint|p1a: Electivire\n|\n|win|drifttrick\n|inactive|MichaelderBeste2 has 10 seconds left this turn.\n|raw|MichaelderBeste2's rating: 2568 &rarr; <strong>2547</strong><br />(-21 for losing)\n|raw|drifttrick's rating: 2556 &rarr; <strong>2577</strong><br />(+21 for winning)\n|c| John Dozo|insane finale\n|c| sasha thumper|gz yall\n|l|\u2606drifttrick\n|player|p2|\n", "inputlog": ">version 021bb6b4147d783a3aa9da22896c4e1e173f1b61\n>start {\"formatid\":\"gen9randombattle\",\"seed\":[32985,52659,31255,54157],\"rated\":\"Rated battle\"}\n>player p1 {\"name\":\"MichaelderBeste2\",\"avatar\":\"#scl3platoon2\",\"rating\":2568,\"seed\":[9820,52559,60000,22470]}\n>player p2 {\"name\":\"drifttrick\",\"avatar\":\"teamrocket\",\"rating\":2556,\"seed\":[26833,9188,31131,19075]}\n>chat \u2606drifttrick|glhf\n>chat \u2606MichaelderBeste2|hf\n>p1 move earthquake\n>p2 move spikes\n>p1 move dragondance\n>p2 move discharge\n>p1 move earthquake\n>p2 switch 4\n>p1 move outrage\n>p2 move iceshard\n>p1 switch 5\n>p1 move knockoff\n>p2 switch 2\n>p1 switch 6\n>p2 move closecombat\n>p1 move psychic\n>p2 move earthquake\n>p2 switch 3\n>p1 switch 3\n>p2 move nastyplot\n>p1 move closecombat\n>p2 move hypnosis terastallize\n>p1 move closecombat\n>p2 move sludgebomb\n>p1 switch 2\n>p1 move rapidspin\n>p2 move sludgebomb\n>p2 switch 2\n>p1 move shedtail\n>p2 move icespinner\n>p1 switch 6\n>p1 move supercellslam\n>p2 switch 5\n>p1 switch 3\n>p2 move dracometeor\n>p1 move darkpulse\n>p2 move dracometeor\n>p1 switch 6\n>p1 move knockoff\n>p2 switch 6\n>p1 move shedtail\n>p2 move doubleedge\n>p1 switch 4\n>p1 move calmmind\n>p2 move lashout\n>chat +pokeblade\u2606101|...\n>chat +pokeblade\u2606101|i guess this is the game that determines who is getting first in this season\n>chat  paysa|season finale\n>chat \u2606MichaelderBeste2|well\n>chat  sasha thumper|if they finish it\n>p1 move matchagotcha\n>p2 move curse\n>p1 move calmmind\n>p2 move lashout\n>p1 move matchagotcha\n>p2 move lashout\n>p2 switch 4\n>p1 move calmmind\n>p2 move discharge\n>chat  John Dozo|no way\n>p1 move shadowball\n>p2 switch 6\n>p2 switch 5\n>p1 move shadowball terastallize\n>p2 move drillrun\n>chat  paysa|oh\n>p1 move strengthsap\n>p2 move drillrun\n>chat \u2606drifttrick|mb\n>p1 switch 3\n>p1 move supercellslam\n>p2 switch 6\n>p1 switch 4\n>p2 move recover\n>p1 move knockoff\n>p2 move discharge\n>p1 move dracometeor\n>p2 move scald\n>p1 move dracometeor\n>p2 move recover\n>p1 move dracometeor\n>p2 move scald\n>p1 switch 4\n>p1 move icepunch\n>p2 move scald\n>chat \u2606MichaelderBeste2|yea lmao\n>chat \u2606drifttrick|gg\n>chat  John Dozo|holy\n>chat \u2606drifttrick|it wont update anyways\n>chat \u2606drifttrick|but i didnt deserve the win\n>chat  sasha thumper|that cyclizar simply did not want it bad enough\n>chat \u2606drifttrick|i mean you easily couldve taken a long time on every turn anyways\n>chat +pokeblade\u2606101|wow\n>chat +pokeblade\u2606101|thats so crazy that drifttrick won this LOL\n>chat  broke his crown|good on you drifttrick\n>chat \u2606drifttrick|in my defense i was just literally clicking random moves for time purposes\n>chat \u2606drifttrick|so it wasnt the greatest game anyways\n>chat \u2606MichaelderBeste2|gg\n>chat  paysa|the discharge play was the only line to winning tbh\n>chat  John Dozo|gg guys\n>p1 move flamethrower\n>p2 move scald", "uploadtime": 1719792149, "views": 482, "formatid": "gen9randombattle", "rating": 2547, "private": 0, "password": null}