{"id": "gen9randombattle-2260561661", "format": "[Gen 9] Random Battle", "players": ["zeolong", "BlckSwn"], "log": "|j|\u2606zeolong\n|j|\u2606BlckSwn\n|t:|1733863755\n|gametype|singles\n|player|p1|zeolong|266|1270\n|player|p2|BlckSwn|whitney|1298\n|teamsize|p1|6\n|teamsize|p2|6\n|gen|9\n|tier|[Gen 9] Random Battle\n|rated|\n|rule|Species Clause: Limit one of each Pok\u00e9mon\n|rule|HP Percentage Mod: HP is shown in percentages\n|rule|Sleep Clause Mod: Limit one foe put to sleep\n|rule|Illusion Level Mod: Illusion disguises the Pok\u00e9mon's true level\n|\n|t:|1733863755\n|start\n|switch|p1a: Umbreon|Umbreon, L84, M|297/297\n|switch|p2a: Gouging Fire|Gouging Fire, L74|277/277\n|turn|1\n|inactive|Battle timer is ON: inactive players will automatically lose when time's up. (requested by BlckSwn)\n|inactive|zeolong also wants the timer to be on.\n|\n|t:|1733863770\n|-end|p2a: Gouging Fire|Protosynthesis|[silent]\n|switch|p2a: Minun|Minun, L95, F|268/268\n|move|p1a: Umbreon|Toxic|p2a: Minun\n|-status|p2a: Minun|tox\n|\n|-damage|p2a: Minun|252/268 tox|[from] psn\n|upkeep\n|turn|2\n|inactive|zeolong has 120 seconds left.\n|\n|t:|1733863823\n|move|p2a: Minun|Nasty Plot|p2a: Minun\n|-boost|p2a: Minun|spa|2\n|move|p1a: Umbreon|Wish|p1a: Umbreon\n|\n|-damage|p2a: Minun|220/268 tox|[from] psn\n|upkeep\n|turn|3\n|\n|t:|1733863832\n|move|p2a: Minun|Nasty Plot|p2a: Minun\n|-boost|p2a: Minun|spa|2\n|move|p1a: Umbreon|Foul Play|p2a: Minun\n|-damage|p2a: Minun|172/268 tox\n|\n|-damage|p2a: Minun|124/268 tox|[from] psn\n|upkeep\n|turn|4\n|\n|t:|1733863857\n|move|p1a: Umbreon|Protect|p1a: Umbreon\n|-singleturn|p1a: Umbreon|Protect\n|move|p2a: Minun|Alluring Voice|p1a: Umbreon\n|-activate|p1a: Umbreon|move: Protect\n|\n|-damage|p2a: Minun|60/268 tox|[from] psn\n|upkeep\n|turn|5\n|\n|t:|1733863868\n|move|p2a: Minun|Thunderbolt|p1a: Umbreon\n|-damage|p1a: Umbreon|27/297\n|-damage|p2a: Minun|34/268 tox|[from] item: Life Orb\n|move|p1a: Umbreon|Wish|p1a: Umbreon\n|\n|-heal|p1a: Umbreon|45/297|[from] item: Leftovers\n|-damage|p2a: Minun|0 fnt|[from] psn\n|faint|p2a: Minun\n|upkeep\n|-message|BlckSwn forfeited.\n|\n|win|zeolong\n|raw|zeolong's rating: 1270 &rarr; <strong>1295</strong><br />(+25 for winning)\n|raw|BlckSwn's rating: 1273 &rarr; <strong>1248</strong><br />(-25 for losing)\n|l|\u2606BlckSwn\n|player|p2|\n", "inputlog": ">version bfd83cad13791eb5a5a409923076391caf6fb4d4\n>start {\"formatid\":\"gen9randombattle\",\"seed\":[40154,19063,21885,23999],\"rated\":\"Rated battle\"}\n>player p1 {\"name\":\"zeolong\",\"avatar\":\"266\",\"rating\":1270,\"seed\":[27617,10840,35782,34107]}\n>player p2 {\"name\":\"BlckSwn\",\"avatar\":\"whitney\",\"rating\":1298,\"seed\":[54866,51155,20392,14280]}\n>p1 move toxic\n>p2 switch 2\n>p1 move wish\n>p2 move nastyplot\n>p1 move foulplay\n>p2 move nastyplot\n>p1 move protect\n>p2 move alluringvoice\n>p1 move wish\n>p2 move thunderbolt\n>forcelose p2", "uploadtime": 1733863881, "views": 13, "formatid": "gen9randombattle", "rating": 1248, "private": 0, "password": null}