{"id": "gen9randombattle-2260034607", "format": "[Gen 9] Random Battle", "players": ["country mom", "Mattattac"], "log": "|j|\u2606country mom\n|j|\u203dMattattac\n|t:|1733793779\n|gametype|singles\n|player|p1|country mom|169|1638\n|player|p2|Mattattac|nate|1680\n|teamsize|p1|6\n|teamsize|p2|6\n|gen|9\n|tier|[Gen 9] Random Battle\n|rated|\n|rule|Species Clause: Limit one of each Pok\u00e9mon\n|rule|HP Percentage Mod: HP is shown in percentages\n|rule|Sleep Clause Mod: Limit one foe put to sleep\n|rule|Illusion Level Mod: Illusion disguises the Pok\u00e9mon's true level\n|\n|t:|1733793779\n|start\n|switch|p1a: Plusle|Plusle, L95, F|268/268\n|switch|p2a: Sawsbuck|Sawsbuck-Summer, L88, F|284/284\n|turn|1\n|inactive|Battle timer is ON: inactive players will automatically lose when time's up. (requested by Mattattac)\n|l|\u2606country mom\n|inactive|country mom disconnected and has a minute to reconnect!\n|player|p1|\n|inactive|country mom has 30 seconds to reconnect!\n|inactive|country mom has 20 seconds to reconnect!\n|inactive|country mom has 15 seconds to reconnect!\n|inactive|country mom has 10 seconds to reconnect!\n|inactive|country mom has 5 seconds to reconnect!\n|inactive|Mattattac has 120 seconds left.\n|-message|country mom lost due to inactivity.\n|\n|win|Mattattac\n|raw|country mom's rating: 1638 &rarr; <strong>1620</strong><br />(-18 for losing)\n|raw|Mattattac's rating: 1680 &rarr; <strong>1698</strong><br />(+18 for winning)\n", "inputlog": ">version bfd83cad13791eb5a5a409923076391caf6fb4d4\n>start {\"formatid\":\"gen9randombattle\",\"seed\":[61418,60807,25716,31155],\"rated\":\"Rated battle\"}\n>player p1 {\"name\":\"country mom\",\"avatar\":\"169\",\"rating\":1638,\"seed\":[14665,27666,27833,877]}\n>player p2 {\"name\":\"Mattattac\",\"avatar\":\"nate\",\"rating\":1680,\"seed\":[19655,9262,51115,43969]}\n>forcelose p1", "uploadtime": 1733793851, "views": 5, "formatid": "gen9randombattle", "rating": 1620, "private": 0, "password": null}