{"id": "gen9randombattle-2260654116", "format": "[Gen 9] Random Battle", "players": ["Duskyz0007", "SwishyScarna"], "log": "|j|\u2606Duskyz0007\n|j|\u2606SwishyScarna\n|t:|1733874295\n|gametype|singles\n|player|p1|Duskyz0007|169|\n|player|p2|SwishyScarna|266|\n|teamsize|p1|6\n|teamsize|p2|6\n|gen|9\n|tier|[Gen 9] Random Battle\n|rule|Species Clause: Limit one of each Pok\u00e9mon\n|rule|HP Percentage Mod: HP is shown in percentages\n|rule|Sleep Clause Mod: Limit one foe put to sleep\n|rule|Illusion Level Mod: Illusion disguises the Pok\u00e9mon's true level\n|\n|t:|1733874295\n|start\n|switch|p1a: Volcarona|Volcarona, L77, F|257/257\n|switch|p2a: Shiftry|Shiftry, L89, M|305/305\n|turn|1\n|inactive|Battle timer is ON: inactive players will automatically lose when time's up. (requested by SwishyScarna)\n|c|\u2606SwishyScarna|ok\n|c|\u2606Duskyz0007|ok\n|\n|t:|1733874315\n|move|p1a: Volcarona|Quiver Dance|p1a: Volcarona\n|-boost|p1a: Volcarona|spa|1\n|-boost|p1a: Volcarona|spd|1\n|-boost|p1a: Volcarona|spe|1\n|move|p2a: Shiftry|Knock Off|p1a: Volcarona\n|-crit|p1a: Volcarona\n|-damage|p1a: Volcarona|0 fnt\n|-enditem|p1a: Volcarona|Heavy-Duty Boots|[from] move: Knock Off|[of] p2a: Shiftry\n|faint|p1a: Volcarona\n|-damage|p2a: Shiftry|275/305|[from] item: Life Orb\n|\n|upkeep\n|c|\u2606Duskyz0007|ok\n|-message|Duskyz0007 forfeited.\n|\n|win|SwishyScarna\n|l|\u2606Duskyz0007\n|player|p1|\n|c|\u2606SwishyScarna|L\n", "inputlog": ">version bfd83cad13791eb5a5a409923076391caf6fb4d4\n>start {\"formatid\":\"gen9randombattle\",\"seed\":[29820,5681,51146,51546]}\n>player p1 {\"name\":\"Duskyz0007\",\"avatar\":\"169\",\"rating\":0,\"seed\":[20180,46115,44330,24663]}\n>player p2 {\"name\":\"SwishyScarna\",\"avatar\":\"266\",\"rating\":0,\"seed\":[49739,62137,30522,52176]}\n>chat \u2606SwishyScarna|ok\n>chat \u2606Duskyz0007|ok\n>p1 move quiverdance\n>p2 move knockoff\n>chat \u2606Duskyz0007|ok\n>forcelose p1", "uploadtime": 1733874349, "views": 3, "formatid": "gen9randombattle", "rating": null, "private": 0, "password": null}