{"id": "gen9randombattle-2260613730", "format": "[Gen 9] Random Battle", "players": ["Aalekin", "Kilatas"], "log": "|j|\u2606Aalekin\n|j|\u2606Kilatas\n|t:|1733869377\n|gametype|singles\n|player|p1|Aalekin|red|1260\n|player|p2|Kilatas|policeman|1265\n|teamsize|p1|6\n|teamsize|p2|6\n|gen|9\n|tier|[Gen 9] Random Battle\n|rated|\n|rule|Species Clause: Limit one of each Pok\u00e9mon\n|rule|HP Percentage Mod: HP is shown in percentages\n|rule|Sleep Clause Mod: Limit one foe put to sleep\n|rule|Illusion Level Mod: Illusion disguises the Pok\u00e9mon's true level\n|\n|t:|1733869377\n|start\n|switch|p1a: Electrode|Electrode, L92|260/260\n|switch|p2a: Forretress|Forretress, L84, F|263/263\n|turn|1\n|inactive|Battle timer is ON: inactive players will automatically lose when time's up. (requested by Aalekin)\n|inactive|Kilatas also wants the timer to be on.\n|\n|t:|1733869395\n|move|p1a: Electrode|Taunt|p2a: Forretress\n|-start|p2a: Forretress|move: Taunt\n|cant|p2a: Forretress|move: Taunt|Stealth Rock\n|\n|upkeep\n|turn|2\n|\n|t:|1733869418\n|move|p1a: Electrode|Volt Switch|p2a: Forretress\n|-damage|p2a: Forretress|137/263\n|-damage|p1a: Electrode|234/260|[from] item: Life Orb\n|inactive|Aalekin has 120 seconds left.\n|\n|t:|1733869439\n|switch|p1a: Carbink|Carbink, L90|236/236|[from] Volt Switch\n|move|p2a: Forretress|Rapid Spin|p1a: Carbink\n|-resisted|p1a: Carbink\n|-damage|p1a: Carbink|226/236\n|-boost|p2a: Forretress|spe|1\n|\n|-heal|p2a: Forretress|153/263|[from] item: Leftovers\n|-heal|p1a: Carbink|236/236|[from] item: Leftovers\n|upkeep\n|turn|3\n|inactive|Aalekin has 120 seconds left.\n|\n|t:|1733869453\n|move|p2a: Forretress|Iron Head|p1a: Carbink\n|-supereffective|p1a: Carbink\n|-damage|p1a: Carbink|28/236\n|cant|p1a: Carbink|flinch\n|\n|-heal|p2a: Forretress|169/263|[from] item: Leftovers\n|-heal|p1a: Carbink|42/236|[from] item: Leftovers\n|-end|p2a: Forretress|move: Taunt\n|upkeep\n|turn|4\n|inactive|Aalekin has 120 seconds left.\n|-message|Aalekin forfeited.\n|\n|win|Kilatas\n|raw|Aalekin's rating: 1260 &rarr; <strong>1235</strong><br />(-25 for losing)\n|raw|Kilatas's rating: 1265 &rarr; <strong>1290</strong><br />(+25 for winning)\n|l|\u2606Aalekin\n|player|p1|\n", "inputlog": ">version bfd83cad13791eb5a5a409923076391caf6fb4d4\n>start {\"formatid\":\"gen9randombattle\",\"seed\":[27096,35262,38754,59617],\"rated\":\"Rated battle\"}\n>player p1 {\"name\":\"Aalekin\",\"avatar\":\"red\",\"rating\":1260,\"seed\":[14830,34876,52162,30707]}\n>player p2 {\"name\":\"Kilatas\",\"avatar\":\"policeman\",\"rating\":1265,\"seed\":[36010,19319,24734,4385]}\n>p1 move taunt\n>p2 move stealthrock\n>p1 move voltswitch\n>p2 move rapidspin\n>p1 switch 4\n>p1 move irondefense\n>p2 move ironhead\n>forcelose p1", "uploadtime": 1733869461, "views": 1, "formatid": "gen9randombattle", "rating": 1235, "private": 0, "password": null}