{"id": "gen9randombattle-2260737798", "format": "[Gen 9] Random Battle", "players": ["CaffeineK", "JotaroWStar"], "log": "|j|\u2606CaffeineK\n|j|\u2606JotaroWStar\n|t:|1733884999\n|gametype|singles\n|player|p1|CaffeineK|lance|1301\n|player|p2|JotaroWStar|koga|1252\n|teamsize|p1|6\n|teamsize|p2|6\n|gen|9\n|tier|[Gen 9] Random Battle\n|rated|\n|rule|Species Clause: Limit one of each Pok\u00e9mon\n|rule|HP Percentage Mod: HP is shown in percentages\n|rule|Sleep Clause Mod: Limit one foe put to sleep\n|rule|Illusion Level Mod: Illusion disguises the Pok\u00e9mon's true level\n|\n|t:|1733884999\n|start\n|switch|p1a: Dusknoir|Dusknoir, L89, M|225/225\n|switch|p2a: Smeargle|Smeargle, L95, M|258/258\n|-item|p2a: Smeargle|Wide Lens|[from] ability: Frisk|[of] p1a: Dusknoir\n|turn|1\n|inactive|Battle timer is ON: inactive players will automatically lose when time's up. (requested by JotaroWStar)\n|inactive|CaffeineK also wants the timer to be on.\n|\n|t:|1733885028\n|switch|p1a: Luxray|Luxray, L88, F|283/283\n|move|p2a: Smeargle|Spore|p1a: Luxray\n|-status|p1a: Luxray|slp|[from] move: Spore\n|\n|upkeep\n|turn|2\n|\n|t:|1733885042\n|move|p2a: Smeargle|Shell Smash|p2a: Smeargle\n|-unboost|p2a: Smeargle|def|1\n|-unboost|p2a: Smeargle|spd|1\n|-boost|p2a: Smeargle|atk|2\n|-boost|p2a: Smeargle|spa|2\n|-boost|p2a: Smeargle|spe|2\n|cant|p1a: Luxray|slp\n|\n|upkeep\n|turn|3\n|\n|t:|1733885054\n|move|p2a: Smeargle|Population Bomb|p1a: Luxray\n|-damage|p1a: Luxray|250/283 slp\n|-damage|p1a: Luxray|214/283 slp\n|-damage|p1a: Luxray|181/283 slp\n|-damage|p1a: Luxray|145/283 slp\n|-damage|p1a: Luxray|109/283 slp\n|-damage|p1a: Luxray|76/283 slp\n|-damage|p1a: Luxray|42/283 slp\n|-damage|p1a: Luxray|11/283 slp\n|-damage|p1a: Luxray|0 fnt\n|faint|p1a: Luxray\n|-hitcount|p1: Luxray|9\n|\n|upkeep\n|\n|t:|1733885071\n|switch|p1a: Dusknoir|Dusknoir, L89, M|225/225\n|-item|p2a: Smeargle|Wide Lens|[from] ability: Frisk|[of] p1a: Dusknoir\n|turn|4\n|\n|t:|1733885085\n|move|p2a: Smeargle|Power Trip|p1a: Dusknoir\n|-supereffective|p1a: Dusknoir\n|-damage|p1a: Dusknoir|81/225\n|move|p1a: Dusknoir|Earthquake|p2a: Smeargle\n|-damage|p2a: Smeargle|20/258\n|-damage|p1a: Dusknoir|59/225|[from] item: Life Orb\n|\n|upkeep\n|turn|5\n|c|\u2606JotaroWStar|watch this\n|-message|CaffeineK forfeited.\n|\n|win|JotaroWStar\n|raw|CaffeineK's rating: 1301 &rarr; <strong>1278</strong><br />(-23 for losing)\n|raw|JotaroWStar's rating: 1252 &rarr; <strong>1281</strong><br />(+29 for winning)\n|l|\u2606CaffeineK\n|player|p1|\n", "inputlog": ">version bfd83cad13791eb5a5a409923076391caf6fb4d4\n>start {\"formatid\":\"gen9randombattle\",\"seed\":[38467,33543,6120,1390],\"rated\":\"Rated battle\"}\n>player p1 {\"name\":\"CaffeineK\",\"avatar\":\"lance\",\"rating\":1301,\"seed\":[31024,24295,27907,2133]}\n>player p2 {\"name\":\"JotaroWStar\",\"avatar\":\"koga\",\"rating\":1252,\"seed\":[20021,766,332,65479]}\n>p1 switch 3\n>p2 move spore\n>p1 move supercellslam\n>p2 move shellsmash\n>p1 move supercellslam\n>p2 move populationbomb\n>p1 switch 3\n>p1 move earthquake\n>p2 move powertrip\n>chat \u2606JotaroWStar|watch this\n>forcelose p1", "uploadtime": 1733885104, "views": 27, "formatid": "gen9randombattle", "rating": 1278, "private": 0, "password": null}