{"id": "gen9randombattle-2260723685", "format": "[Gen 9] Random Battle", "players": ["kasimdurhamyt", "poopeesailorman"], "log": "|j|\u2606kasimdurhamyt\n|j|\u2606poopeesailorman\n|t:|1733883152\n|gametype|singles\n|player|p1|kasimdurhamyt|102|1220\n|player|p2|poopeesailorman|sailor|1241\n|teamsize|p1|6\n|teamsize|p2|6\n|gen|9\n|tier|[Gen 9] Random Battle\n|rated|\n|rule|Species Clause: Limit one of each Pok\u00e9mon\n|rule|HP Percentage Mod: HP is shown in percentages\n|rule|Sleep Clause Mod: Limit one foe put to sleep\n|rule|Illusion Level Mod: Illusion disguises the Pok\u00e9mon's true level\n|\n|t:|1733883152\n|start\n|switch|p1a: Tropius|Tropius, L91, M|328/328\n|switch|p2a: Walking Wake|Walking Wake, L79|286/286\n|turn|1\n|inactive|Battle timer is ON: inactive players will automatically lose when time's up. (requested by poopeesailorman)\n|\n|t:|1733883182\n|-end|p2a: Walking Wake|Protosynthesis|[silent]\n|switch|p2a: Chansey|Chansey, L85, F|564/564\n|move|p1a: Tropius|Dragon Dance|p1a: Tropius\n|-boost|p1a: Tropius|atk|1\n|-boost|p1a: Tropius|spe|1\n|\n|upkeep\n|turn|2\n|c|\u2606kasimdurhamyt|dont terra\n|c|\u2606kasimdurhamyt|switch bacl\n|c|\u2606kasimdurhamyt|:)\n|c|\u2606poopeesailorman|alright\n|\n|t:|1733883203\n|switch|p2a: Walking Wake|Walking Wake, L79|286/286\n|move|p1a: Tropius|Dragon Dance|p1a: Tropius\n|-boost|p1a: Tropius|atk|1\n|-boost|p1a: Tropius|spe|1\n|\n|upkeep\n|turn|3\n|c|\u2606kasimdurhamyt|stay in\n|c|\u2606poopeesailorman|ok\n|inactive|kasimdurhamyt has 120 seconds left.\n|\n|t:|1733883224\n|move|p1a: Tropius|Leaf Blade|p2a: Walking Wake\n|-damage|p2a: Walking Wake|96/286\n|move|p2a: Walking Wake|Flamethrower|p1a: Tropius\n|-supereffective|p1a: Tropius\n|-damage|p1a: Tropius|146/328\n|-enditem|p1a: Tropius|Sitrus Berry|[eat]\n|-heal|p1a: Tropius|228/328|[from] item: Sitrus Berry\n|-damage|p2a: Walking Wake|68/286|[from] item: Life Orb\n|\n|-item|p1a: Tropius|Sitrus Berry|[from] ability: Harvest\n|upkeep\n|turn|4\n|\n|t:|1733883238\n|move|p1a: Tropius|Leaf Blade|p2a: Walking Wake\n|-damage|p2a: Walking Wake|0 fnt\n|faint|p2a: Walking Wake\n|-end|p2a: Walking Wake|Protosynthesis|[silent]\n|\n|upkeep\n|\n|t:|1733883252\n|switch|p2a: Toxtricity|Toxtricity, L82, F|257/257\n|turn|5\n|c|\u2606kasimdurhamyt|switch to a pokemon weak to grass\n|c|\u2606poopeesailorman|best I got is netural\n|inactive|poopeesailorman has 120 seconds left.\n|c|\u2606kasimdurhamyt|use electric move\n|c|\u2606poopeesailorman|bet\n|\n|t:|1733883284\n|-terastallize|p1a: Tropius|Ground\n|move|p1a: Tropius|Earthquake|p2a: Toxtricity\n|-supereffective|p2a: Toxtricity\n|-damage|p2a: Toxtricity|0 fnt\n|faint|p2a: Toxtricity\n|\n|upkeep\n|\n|t:|1733883302\n|switch|p2a: Flygon|Flygon, L82, F|265/265\n|turn|6\n|c|\u2606kasimdurhamyt|nah black person\n|c|\u2606poopeesailorman|bruh\n|c|\u2606kasimdurhamyt|switch out\n|inactive|poopeesailorman has 90 seconds left.\n|c|\u2606poopeesailorman|how did you know I was black?\n|\n|t:|1733883327\n|move|p2a: Flygon|U-turn|p1a: Tropius\n|-damage|p1a: Tropius|183/328\n|\n|t:|1733883335\n|switch|p2a: Iron Hands|Iron Hands, L79|373/373|[from] U-turn\n|move|p1a: Tropius|Dragon Dance|p1a: Tropius\n|-boost|p1a: Tropius|atk|1\n|-boost|p1a: Tropius|spe|1\n|\n|upkeep\n|turn|7\n|c|\u2606kasimdurhamyt|you listen like a good lil\n|c|\u2606kasimdurhamyt|n\n|c|\u2606kasimdurhamyt|i\n|inactive|poopeesailorman has 90 seconds left.\n|c|\u2606kasimdurhamyt|g\n|c|\u2606kasimdurhamyt|g\n|c|\u2606kasimdurhamyt|e\n|c|\u2606kasimdurhamyt|r\n|j| Aentility\n|\n|t:|1733883352\n|move|p1a: Tropius|Earthquake|p2a: Iron Hands\n|-supereffective|p2a: Iron Hands\n|-damage|p2a: Iron Hands|0 fnt\n|faint|p2a: Iron Hands\n|-end|p2a: Iron Hands|Quark Drive|[silent]\n|\n|upkeep\n|\n|t:|1733883365\n|switch|p2a: Ribombee|Ribombee, L82, M|233/233\n|turn|8\n|\n|t:|1733883371\n|move|p1a: Tropius|Dual Wingbeat|p2a: Ribombee\n|-supereffective|p2a: Ribombee\n|-damage|p2a: Ribombee|0 fnt\n|faint|p2a: Ribombee\n|-hitcount|p2: Ribombee|1\n|\n|upkeep\n|\n|t:|1733883376\n|switch|p2a: Flygon|Flygon, L82, F|265/265\n|turn|9\n|c|\u2606kasimdurhamyt|you suck lol\n|c| Aentility|dont be negative\n|c| Aentility|hes trying his best\n|c|\u2606poopeesailorman|schmeep schmop\n|c|\u2606kasimdurhamyt|wait what\n|\n|t:|1733883400\n|move|p1a: Tropius|Leaf Blade|p2a: Flygon\n|-damage|p2a: Flygon|27/265\n|move|p2a: Flygon|Outrage|p1a: Tropius\n|-damage|p1a: Tropius|72/328\n|-enditem|p1a: Tropius|Sitrus Berry|[eat]\n|-heal|p1a: Tropius|154/328|[from] item: Sitrus Berry\n|\n|-item|p1a: Tropius|Sitrus Berry|[from] ability: Harvest\n|upkeep\n|-enditem|p1a: Tropius|Sitrus Berry|[eat]\n|-heal|p1a: Tropius|236/328|[from] item: Sitrus Berry\n|turn|10\n|\n|t:|1733883411\n|move|p1a: Tropius|Dual Wingbeat|p2a: Flygon\n|-damage|p2a: Flygon|0 fnt\n|faint|p2a: Flygon\n|-hitcount|p2: Flygon|1\n|\n|upkeep\n|\n|t:|1733883414\n|switch|p2a: Chansey|Chansey, L85, F|564/564\n|turn|11\n|c|\u2606kasimdurhamyt|haha\n|c|\u2606kasimdurhamyt|team wipe\n|\n|t:|1733883425\n|move|p1a: Tropius|Leaf Blade|p2a: Chansey\n|-damage|p2a: Chansey|74/564\n|move|p2a: Chansey|Seismic Toss|p1a: Tropius\n|-damage|p1a: Tropius|151/328\n|\n|-item|p1a: Tropius|Sitrus Berry|[from] ability: Harvest\n|upkeep\n|-enditem|p1a: Tropius|Sitrus Berry|[eat]\n|-heal|p1a: Tropius|233/328|[from] item: Sitrus Berry\n|turn|12\n|\n|t:|1733883436\n|move|p1a: Tropius|Dragon Dance|p1a: Tropius\n|-boost|p1a: Tropius|atk|1\n|-boost|p1a: Tropius|spe|1\n|move|p2a: Chansey|Seismic Toss|p1a: Tropius\n|-damage|p1a: Tropius|148/328\n|\n|-item|p1a: Tropius|Sitrus Berry|[from] ability: Harvest\n|upkeep\n|-enditem|p1a: Tropius|Sitrus Berry|[eat]\n|-heal|p1a: Tropius|230/328|[from] item: Sitrus Berry\n|turn|13\n|\n|t:|1733883444\n|move|p1a: Tropius|Dragon Dance|p1a: Tropius\n|-boost|p1a: Tropius|atk|1\n|-boost|p1a: Tropius|spe|1\n|move|p2a: Chansey|Seismic Toss|p1a: Tropius\n|-damage|p1a: Tropius|145/328\n|\n|upkeep\n|turn|14\n|\n|t:|1733883451\n|move|p1a: Tropius|Dragon Dance|p1a: Tropius\n|-boost|p1a: Tropius|atk|1\n|-boost|p1a: Tropius|spe|1\n|move|p2a: Chansey|Seismic Toss|p1a: Tropius\n|-damage|p1a: Tropius|60/328\n|\n|upkeep\n|turn|15\n|c| Aentility|stop being toxic, just end it dawg\n|\n|t:|1733883455\n|move|p1a: Tropius|Earthquake|p2a: Chansey\n|-damage|p2a: Chansey|0 fnt\n|faint|p2a: Chansey\n|\n|win|kasimdurhamyt\n|raw|kasimdurhamyt's rating: 1220 &rarr; <strong>1247</strong><br />(+27 for winning)\n|raw|poopeesailorman's rating: 1241 &rarr; <strong>1214</strong><br />(-27 for losing)\n|c|\u2606poopeesailorman|aw dang it\n|c|\u2606kasimdurhamyt|ggs\n|c|\u2606poopeesailorman|gg\n|c|\u2606kasimdurhamyt|i love you\n|c|\u2606kasimdurhamyt|:)\n|c|\u2606poopeesailorman|you're wild\n|c|\u2606poopeesailorman|but interesting\n|c|\u2606poopeesailorman|take it easy\n|c|\u2606kasimdurhamyt|lmao\n|c|\u2606kasimdurhamyt|you too\n|c|\u2606kasimdurhamyt|im also black\n|c|\u2606poopeesailorman|dope\n|c|\u2606kasimdurhamyt|so i can say\n|c|\u2606kasimdurhamyt|n\n|c|\u2606kasimdurhamyt|i\n|c|\u2606kasimdurhamyt|g\n|c| Aentility|friendship from toxicity is crazy\n|c|\u2606kasimdurhamyt|g\n|c|\u2606kasimdurhamyt|e\n|c|\u2606kasimdurhamyt|r\n|c|\u2606poopeesailorman|Im a chill guy\n|c|\u2606poopeesailorman|i do not give af tbh\n|c|\u2606kasimdurhamyt|yeah\n|c|\u2606poopeesailorman|im just vibing\n|c|\u2606kasimdurhamyt|this game is pretty bad anyway\n|c|\u2606kasimdurhamyt|tbh\n|c| Aentility|keep vibing\n|c|\u2606poopeesailorman|yeah but its my buffer game\n|c|\u2606kasimdurhamyt|aentility forces me to play it\n|c|\u2606kasimdurhamyt|he has my family\n|c|\u2606poopeesailorman|I was waiting for my cake to finish in the oven\n|c|\u2606kasimdurhamyt|you got cake\n|c|\u2606kasimdurhamyt|what kind?\n|c|\u2606poopeesailorman|aiming for a strawberry cake\n|c|\u2606poopeesailorman|first time making it\n|c|\u2606kasimdurhamyt|is it scrumptious\n|c|\u2606poopeesailorman|saw a video at work\n|c|\u2606kasimdurhamyt|serendiputuous even?\n|c|\u2606poopeesailorman|and was like\n|c|\u2606poopeesailorman|alright ill make it\n|c| Aentility|thats dope\n|c|\u2606kasimdurhamyt|strawberry is my favorite lol\n|c| Aentility|also keep talking kasim and ur family gets it\n|c|\u2606poopeesailorman|strawberry is great\n|c|\u2606kasimdurhamyt|Alr im out\n|c|\u2606kasimdurhamyt|yeah it is\n|c|\u2606poopeesailorman|lol homie got a hit on you like you're a CEO\n|c| Aentility|have a good day, hope the cake goes well\n|c|\u2606kasimdurhamyt|hes a ceo\n|c|\u2606kasimdurhamyt|continues\n|c|\u2606poopeesailorman|thanks homie\n|c|\u2606kasimdurhamyt|eating\n|c| Aentility|shh, the hitman r on the way already\n|c|\u2606kasimdurhamyt|onaholes\n|l| Aentility\n|j| Aentility\n|c|\u2606poopeesailorman|heck yea\n|c|\u2606poopeesailorman|heckin heck ya\n|l| Aentility\n|c|\u2606kasimdurhamyt|alright man\n|c|\u2606kasimdurhamyt|enjoy ur cake :)\n|c|\u2606poopeesailorman|thanks dude\n|c|\u2606poopeesailorman|Take it easy\n|c|\u2606kasimdurhamyt|you too\n|l|\u2606kasimdurhamyt\n|player|p1|\n", "inputlog": ">version bfd83cad13791eb5a5a409923076391caf6fb4d4\n>start {\"formatid\":\"gen9randombattle\",\"seed\":[18753,21220,45068,4832],\"rated\":\"Rated battle\"}\n>player p1 {\"name\":\"kasimdurhamyt\",\"avatar\":\"102\",\"rating\":1220,\"seed\":[3109,50895,29718,60035]}\n>player p2 {\"name\":\"poopeesailorman\",\"avatar\":\"sailor\",\"rating\":1241,\"seed\":[28645,32181,54754,39615]}\n>p1 move dragondance\n>p2 switch 6\n>chat \u2606kasimdurhamyt|dont terra\n>chat \u2606kasimdurhamyt|switch bacl\n>chat \u2606kasimdurhamyt|:)\n>chat \u2606poopeesailorman|alright \n>p1 move dragondance\n>p2 switch 6\n>chat \u2606kasimdurhamyt|stay in\n>chat \u2606poopeesailorman|ok\n>p1 move leafblade\n>p2 move flamethrower\n>p1 move leafblade\n>p2 move flamethrower\n>p2 switch 3\n>chat \u2606kasimdurhamyt|switch to a pokemon weak to grass\n>chat \u2606poopeesailorman|best I got is netural\n>chat \u2606kasimdurhamyt|use electric move\n>chat \u2606poopeesailorman|bet\n>p1 move earthquake terastallize\n>p2 move overdrive\n>chat \u2606kasimdurhamyt|nah nigga\n>p2 switch 2\n>chat \u2606kasimdurhamyt|nah black person\n>chat \u2606poopeesailorman|bruh\n>chat \u2606kasimdurhamyt|switch out\n>chat \u2606poopeesailorman|how did you know I was black?\n>p1 move dragondance\n>p2 move uturn\n>p2 switch 5\n>chat \u2606kasimdurhamyt|you listen like a good lil \n>chat \u2606kasimdurhamyt|n\n>chat \u2606kasimdurhamyt|i\n>chat \u2606kasimdurhamyt|g\n>chat \u2606kasimdurhamyt|g\n>chat \u2606kasimdurhamyt|e\n>chat \u2606kasimdurhamyt|r\n>p1 move earthquake\n>p2 move icepunch\n>p2 switch 4\n>p1 move dualwingbeat\n>p2 move moonblast\n>p2 switch 5\n>chat \u2606kasimdurhamyt|you suck lol\n>chat  Aentility|dont be negative\n>chat  Aentility|hes trying his best\n>chat \u2606poopeesailorman| schmeep schmop\n>chat \u2606kasimdurhamyt|wait what\n>p1 move leafblade\n>p2 move outrage\n>p1 move dualwingbeat\n>p2 move outrage\n>p2 switch 6\n>chat \u2606kasimdurhamyt|haha\n>chat \u2606kasimdurhamyt|team wipe\n>p1 move leafblade\n>p2 move seismictoss\n>p1 move dragondance\n>p2 move seismictoss\n>p1 move dragondance\n>p2 move seismictoss\n>p1 move dragondance\n>p2 move seismictoss\n>chat  Aentility|stop being toxic, just end it dawg\n>p1 move earthquake\n>p2 move seismictoss", "uploadtime": 1733883738, "views": 10, "formatid": "gen9randombattle", "rating": 1214, "private": 0, "password": null}