{"id": "gen9randombattle-2027391140", "format": "[Gen 9] Random Battle", "players": ["Aqua", "Newskill 7"], "log": "|j|\u2606Aqua\n|j|\u2606Newskill 7\n|t:|1704418780\n|gametype|singles\n|player|p1|Aqua|#rbtt6teamlatiasf|2401\n|player|p2|Newskill 7|169|2317\n|teamsize|p1|6\n|teamsize|p2|6\n|gen|9\n|tier|[Gen 9] Random Battle\n|rated|\n|rule|Species Clause: Limit one of each Pok\u00e9mon\n|rule|HP Percentage Mod: HP is shown in percentages\n|rule|Sleep Clause Mod: Limit one foe put to sleep\n|rule|Illusion Level Mod: Illusion disguises the Pok\u00e9mon's true level\n|\n|t:|1704418780\n|start\n|switch|p1a: Hariyama|Hariyama, L87, F|392/392\n|switch|p2a: Honchkrow|Honchkrow, L86, M|312/312\n|turn|1\n|inactive|Battle timer is ON: inactive players will automatically lose when time's up. (requested by Newskill 7)\n|inactive|Newskill 7 has 120 seconds left.\n|\n|t:|1704418827\n|switch|p1a: Skarmory|Skarmory, L80, F|235/235\n|move|p2a: Honchkrow|U-turn|p1a: Skarmory\n|-resisted|p1a: Skarmory\n|-damage|p1a: Skarmory|224/235\n|\n|t:|1704418836\n|switch|p2a: Zebstrika|Zebstrika, L88, F|275/275|[from] U-turn\n|\n|-heal|p1a: Skarmory|235/235|[from] item: Leftovers\n|upkeep\n|turn|2\n|j| SillyBilly543\n|inactive|Aqua has 120 seconds left.\n|\n|t:|1704418871\n|switch|p1a: Grumpig|Grumpig, L92, F|297/297\n|move|p2a: Zebstrika|Overheat|p1a: Grumpig\n|-damage|p1a: Grumpig|252/297\n|-unboost|p2a: Zebstrika|spa|2\n|-damage|p2a: Zebstrika|248/275|[from] item: Life Orb\n|\n|-heal|p1a: Grumpig|270/297|[from] item: Leftovers\n|upkeep\n|turn|3\n|inactive|Aqua has 120 seconds left.\n|\n|t:|1704418882\n|switch|p2a: Toedscruel|Toedscruel, L87, F|281/281\n|move|p1a: Grumpig|Psyshock|p2a: Toedscruel\n|-damage|p2a: Toedscruel|160/281\n|\n|-heal|p2a: Toedscruel|177/281|[from] item: Leftovers\n|-heal|p1a: Grumpig|288/297|[from] item: Leftovers\n|upkeep\n|turn|4\n|\n|t:|1704418890\n|switch|p2a: Honchkrow|Honchkrow, L86, M|312/312\n|move|p1a: Grumpig|Psyshock|p2a: Honchkrow\n|-immune|p2a: Honchkrow\n|\n|-heal|p1a: Grumpig|297/297|[from] item: Leftovers\n|upkeep\n|turn|5\n|\n|t:|1704418901\n|move|p1a: Grumpig|Dazzling Gleam|p2a: Honchkrow\n|-supereffective|p2a: Honchkrow\n|-damage|p2a: Honchkrow|144/312\n|move|p2a: Honchkrow|Brave Bird|p1a: Grumpig\n|-crit|p1a: Grumpig\n|-damage|p1a: Grumpig|39/297\n|-damage|p2a: Honchkrow|59/312|[from] Recoil\n|\n|-heal|p1a: Grumpig|57/297|[from] item: Leftovers\n|upkeep\n|turn|6\n|\n|t:|1704418912\n|switch|p1a: Skarmory|Skarmory, L80, F|235/235\n|move|p2a: Honchkrow|Brave Bird|p1a: Skarmory\n|-resisted|p1a: Skarmory\n|-damage|p1a: Skarmory|172/235\n|-damage|p2a: Honchkrow|38/312|[from] Recoil\n|\n|-heal|p1a: Skarmory|186/235|[from] item: Leftovers\n|upkeep\n|turn|7\n|\n|t:|1704418918\n|switch|p1a: Hariyama|Hariyama, L87, F|392/392\n|move|p2a: Honchkrow|Heat Wave|p1a: Hariyama\n|-damage|p1a: Hariyama|356/392\n|\n|upkeep\n|turn|8\n|\n|t:|1704418924\n|switch|p2a: Flutter Mane|Flutter Mane, L74|203/203\n|move|p1a: Hariyama|Bullet Punch|p2a: Flutter Mane\n|-supereffective|p2a: Flutter Mane\n|-damage|p2a: Flutter Mane|97/203\n|\n|upkeep\n|turn|9\n|c|\u2606Newskill 7|ain't no way LOL\n|inactive|Newskill 7 has 120 seconds left.\n|c|\u2606Aqua|mistaken for misdreavus?\n|j| V-Creative\n|c|\u2606Newskill 7|im just taken aback by the fact it's 2hkod by a non stab bullet punch\n|c|\u2606Aqua|oh\n|c|\u2606Aqua|!dt flutter mane\n|raw|<div class=\"message\"><ul class=\"utilichart\"><li class=\"result\"><span class=\"col numcol\">Uber</span> <span class=\"col iconcol\"><psicon pokemon=\"fluttermane\"/></span> <span class=\"col pokemonnamecol\" style=\"white-space:nowrap\"><a href=\"https://dex.pokemonshowdown.com/pokemon/fluttermane\" target=\"_blank\">Flutter Mane</a></span> <span class=\"col typecol\"><img src=\"https://play.pokemonshowdown.com/sprites/types/Ghost.png\" alt=\"Ghost\" height=\"14\" width=\"32\"><img src=\"https://play.pokemonshowdown.com/sprites/types/Fairy.png\" alt=\"Fairy\" height=\"14\" width=\"32\"></span> <span style=\"float:left;min-height:26px\"><span class=\"col abilitycol\">Protosynthesis</span><span class=\"col abilitycol\"></span></span><span style=\"float:left;min-height:26px\"><span class=\"col statcol\"><em>HP</em><br />55</span> <span class=\"col statcol\"><em>Atk</em><br />55</span> <span class=\"col statcol\"><em>Def</em><br />55</span> <span class=\"col statcol\"><em>SpA</em><br />135</span> <span class=\"col statcol\"><em>SpD</em><br />135</span> <span class=\"col statcol\"><em>Spe</em><br />135</span> <span class=\"col bstcol\"><em>BST<br />570</em></span> </span></li><li style=\"clear:both\"></li></ul></div>\n|raw|<font size=\"1\"><font color=\"#686868\">Dex#:</font> 987&nbsp;|&ThickSpace;<font color=\"#686868\">Gen:</font> 9&nbsp;|&ThickSpace;<font color=\"#686868\">Height:</font> 1.4 m&nbsp;|&ThickSpace;<font color=\"#686868\">Weight:</font> 4 kg <em>(20 BP)</em>&nbsp;|&ThickSpace;<font color=\"#686868\">Dex Colour:</font> Gray&nbsp;|&ThickSpace;<font color=\"#686868\">Egg Group(s):</font> Undiscovered&nbsp;|&ThickSpace;<font color=\"#686868\">Does Not Evolve</font></font>\n\n|inactive|Newskill 7 has 90 seconds left.\n|c|\u2606Aqua|yeah very very weak\n|\n|t:|1704418997\n|-end|p2a: Flutter Mane|Protosynthesis|[silent]\n|switch|p2a: Zebstrika|Zebstrika, L88, F|248/275\n|move|p1a: Hariyama|Bullet Punch|p2a: Zebstrika\n|-resisted|p2a: Zebstrika\n|-crit|p2a: Zebstrika\n|-damage|p2a: Zebstrika|214/275\n|\n|upkeep\n|turn|10\n|\n|t:|1704419010\n|move|p2a: Zebstrika|Volt Switch|p1a: Hariyama\n|-crit|p1a: Hariyama\n|-damage|p1a: Hariyama|230/392\n|-damage|p2a: Zebstrika|187/275|[from] item: Life Orb\n|\n|t:|1704419016\n|switch|p2a: Honchkrow|Honchkrow, L86, M|38/312|[from] Volt Switch\n|move|p1a: Hariyama|Close Combat|p2a: Honchkrow\n|-damage|p2a: Honchkrow|0 fnt\n|-unboost|p1a: Hariyama|def|1\n|-unboost|p1a: Hariyama|spd|1\n|faint|p2a: Honchkrow\n|\n|upkeep\n|\n|t:|1704419020\n|switch|p2a: Zebstrika|Zebstrika, L88, F|187/275\n|turn|11\n|\n|t:|1704419027\n|switch|p1a: Grumpig|Grumpig, L92, F|57/297\n|move|p2a: Zebstrika|Wild Charge|p1a: Grumpig\n|-crit|p1a: Grumpig\n|-damage|p1a: Grumpig|0 fnt\n|faint|p1a: Grumpig\n|-damage|p2a: Zebstrika|173/275|[from] Recoil\n|-damage|p2a: Zebstrika|146/275|[from] item: Life Orb\n|\n|upkeep\n|\n|t:|1704419032\n|switch|p1a: Wugtrio|Wugtrio, L91, M|212/212\n|turn|12\n|\n|t:|1704419039\n|switch|p2a: Toedscruel|Toedscruel, L87, F|177/281\n|move|p1a: Wugtrio|Liquidation|p2a: Toedscruel\n|-damage|p2a: Toedscruel|0 fnt\n|faint|p2a: Toedscruel\n|\n|upkeep\n|j|+pokeblade\u2606101\n|\n|t:|1704419043\n|switch|p2a: Salamence|Salamence, L77, F|273/273\n|turn|13\n|inactive|Newskill 7 has 120 seconds left.\n|\n|t:|1704419065\n|switch|p1a: Skarmory|Skarmory, L80, F|186/235\n|switch|p2a: Flutter Mane|Flutter Mane, L74|97/203\n|\n|-heal|p1a: Skarmory|200/235|[from] item: Leftovers\n|upkeep\n|turn|14\n|inactive|Aqua has 120 seconds left.\n|\n|t:|1704419091\n|switch|p1a: Hariyama|Hariyama, L87, F|230/392\n|move|p2a: Flutter Mane|Shadow Ball|p1a: Hariyama\n|-damage|p1a: Hariyama|115/392\n|\n|upkeep\n|turn|15\n|inactive|Aqua has 120 seconds left.\n|\n|t:|1704419098\n|-end|p2a: Flutter Mane|Protosynthesis|[silent]\n|switch|p2a: Zebstrika|Zebstrika, L88, F|146/275\n|move|p1a: Hariyama|Knock Off|p2a: Zebstrika\n|-damage|p2a: Zebstrika|34/275\n|-enditem|p2a: Zebstrika|Life Orb|[from] move: Knock Off|[of] p1a: Hariyama\n|\n|upkeep\n|turn|16\n|\n|t:|1704419107\n|move|p1a: Hariyama|Bullet Punch|p2a: Zebstrika\n|-resisted|p2a: Zebstrika\n|-damage|p2a: Zebstrika|13/275\n|move|p2a: Zebstrika|Wild Charge|p1a: Hariyama\n|-damage|p1a: Hariyama|0 fnt\n|faint|p1a: Hariyama\n|-damage|p2a: Zebstrika|0 fnt|[from] Recoil\n|faint|p2a: Zebstrika\n|\n|upkeep\n|inactive|Aqua has 120 seconds left.\n|\n|t:|1704419126\n|switch|p2a: Necrozma|Necrozma-Dusk-Mane, L68|245/245\n|switch|p1a: Banette|Banette, L93, F|270/270\n|turn|17\n|inactive|Aqua has 120 seconds left.\n|\n|t:|1704419137\n|-terastallize|p2a: Necrozma|Water\n|move|p1a: Banette|Poltergeist|p2a: Necrozma\n|-activate|p2a: Necrozma|move: Poltergeist|Weakness Policy\n|-damage|p2a: Necrozma|53/245\n|-damage|p1a: Banette|243/270|[from] item: Life Orb\n|move|p2a: Necrozma|Dragon Dance|p2a: Necrozma\n|-boost|p2a: Necrozma|atk|1\n|-boost|p2a: Necrozma|spe|1\n|\n|upkeep\n|turn|18\n|-message|Newskill 7 forfeited.\n|\n|win|Aqua\n|raw|Aqua's rating: 2401 &rarr; <strong>2416</strong><br />(+15 for winning)\n|raw|Newskill 7's rating: 2317 &rarr; <strong>2302</strong><br />(-15 for losing)\n|l|\u2606Newskill 7\n", "inputlog": ">version b2405e112a340cd171b76bf5b01f5f9054c165b0\n>start {\"formatid\":\"gen9randombattle\",\"seed\":[5728,38040,57832,13917],\"rated\":\"Rated battle\"}\n>player p1 {\"name\":\"Aqua\",\"avatar\":\"#rbtt6teamlatiasf\",\"rating\":2401,\"seed\":[50481,42024,49844,29992]}\n>player p2 {\"name\":\"Newskill 7\",\"avatar\":\"169\",\"rating\":2317,\"seed\":[55364,55567,54283,9014]}\n>p1 switch 6\n>p2 move uturn\n>p2 switch 3\n>p1 switch 3\n>p2 move overheat\n>p1 move psyshock\n>p2 switch 5\n>p1 move psyshock\n>p2 switch 3\n>p1 move dazzlinggleam\n>p2 move bravebird\n>p1 switch 3\n>p2 move bravebird\n>p1 switch 6\n>p2 move heatwave\n>p1 move bulletpunch\n>p2 switch 6\n>chat \u2606Newskill 7|ain't no way LOL\n>chat \u2606Aqua|mistaken for misdreavus?\n>chat \u2606Newskill 7|im just taken aback by the fact it's 2hkod by a non stab bullet punch\n>chat \u2606Aqua|oh\n>chat \u2606Aqua|!dt flutter mane\n>chat \u2606Aqua|yeah very very weak\n>p1 move bulletpunch\n>p2 switch 5\n>p1 move closecombat\n>p2 move voltswitch\n>p2 switch 6\n>p2 switch 6\n>p1 switch 3\n>p2 move wildcharge\n>p1 switch 2\n>p1 move liquidation\n>p2 switch 3\n>p2 switch 2\n>p1 switch 6\n>p2 switch 5\n>p1 switch 3\n>p2 move shadowball\n>p1 move knockoff\n>p2 switch 3\n>p1 move bulletpunch\n>p2 move wildcharge\n>p1 switch 5\n>p2 switch 4\n>p1 move poltergeist\n>p2 move dragondance terastallize\n>forcelose p2", "uploadtime": 1704419151, "views": 270, "formatid": "gen9randombattle", "rating": 2302, "private": 0, "password": null}