{"id": "gen9randombattle-2260788776", "format": "[Gen 9] Random Battle", "players": ["MrSunnySun", "lmouto Chan"], "log": "|j|\u2606MrSunnySun\n|j|\u2606lmouto Chan\n|t:|1733892289\n|gametype|singles\n|player|p1|MrSunnySun|hiker-gen4|1745\n|player|p2|lmouto Chan|caitlin|1759\n|teamsize|p1|6\n|teamsize|p2|6\n|gen|9\n|tier|[Gen 9] Random Battle\n|rated|\n|rule|Species Clause: Limit one of each Pok\u00e9mon\n|rule|HP Percentage Mod: HP is shown in percentages\n|rule|Sleep Clause Mod: Limit one foe put to sleep\n|rule|Illusion Level Mod: Illusion disguises the Pok\u00e9mon's true level\n|\n|t:|1733892289\n|start\n|switch|p1a: Altaria|Altaria, L88, F|275/275\n|switch|p2a: Uxie|Uxie, L83|260/260\n|turn|1\n|inactive|Battle timer is ON: inactive players will automatically lose when time's up. (requested by MrSunnySun)\n|\n|t:|1733892302\n|switch|p1a: Piloswine|Piloswine, L85, M|309/309\n|move|p2a: Uxie|Psychic Noise|p1a: Piloswine\n|-damage|p1a: Piloswine|251/309\n|-start|p1a: Piloswine|move: Heal Block\n|\n|upkeep\n|turn|2\n|\n|t:|1733892307\n|move|p2a: Uxie|Stealth Rock|p1a: Piloswine\n|-sidestart|p1: MrSunnySun|move: Stealth Rock\n|move|p1a: Piloswine|Stealth Rock|p2a: Uxie\n|-sidestart|p2: lmouto Chan|move: Stealth Rock\n|\n|-end|p1a: Piloswine|move: Heal Block\n|upkeep\n|turn|3\n|\n|t:|1733892312\n|move|p2a: Uxie|Encore|p1a: Piloswine\n|-start|p1a: Piloswine|Encore\n|move|p1a: Piloswine|Stealth Rock||[still]\n|-fail|p1a: Piloswine\n|\n|upkeep\n|turn|4\n|\n|t:|1733892326\n|switch|p2a: Dugtrio|Dugtrio-Alola, L84, F|196/196\n|-damage|p2a: Dugtrio|190/196|[from] Stealth Rock\n|switch|p1a: Altaria|Altaria, L88, F|275/275\n|\n|upkeep\n|turn|5\n|\n|t:|1733892332\n|move|p2a: Dugtrio|Swords Dance|p2a: Dugtrio\n|-boost|p2a: Dugtrio|atk|2\n|move|p1a: Altaria|Dragon Dance|p1a: Altaria\n|-boost|p1a: Altaria|atk|1\n|-boost|p1a: Altaria|spe|1\n|\n|upkeep\n|turn|6\n|\n|t:|1733892336\n|move|p1a: Altaria|Earthquake|p2a: Dugtrio\n|-supereffective|p2a: Dugtrio\n|-damage|p2a: Dugtrio|0 fnt\n|faint|p2a: Dugtrio\n|\n|upkeep\n|\n|t:|1733892341\n|switch|p2a: Cryogonal|Cryogonal, L89|287/287\n|turn|7\n|\n|t:|1733892360\n|switch|p1a: Lucario|Lucario, L84, F|255/255\n|-damage|p1a: Lucario|248/255|[from] Stealth Rock\n|move|p2a: Cryogonal|Rapid Spin|p1a: Lucario\n|-resisted|p1a: Lucario\n|-damage|p1a: Lucario|234/255\n|-boost|p2a: Cryogonal|spe|1\n|-sideend|p2: lmouto Chan|Stealth Rock|[from] move: Rapid Spin|[of] p2a: Cryogonal\n|\n|upkeep\n|turn|8\n|-message|lmouto Chan forfeited.\n|\n|win|MrSunnySun\n|raw|MrSunnySun's rating: 1745 &rarr; <strong>1766</strong><br />(+21 for winning)\n|raw|lmouto Chan's rating: 1759 &rarr; <strong>1738</strong><br />(-21 for losing)\n|l|\u2606lmouto Chan\n|player|p2|\n", "inputlog": ">version bfd83cad13791eb5a5a409923076391caf6fb4d4\n>start {\"formatid\":\"gen9randombattle\",\"seed\":[3121,61464,44608,21821],\"rated\":\"Rated battle\"}\n>player p1 {\"name\":\"MrSunnySun\",\"avatar\":\"hiker-gen4\",\"rating\":1745,\"seed\":[31133,48466,3663,44113]}\n>player p2 {\"name\":\"lmouto Chan\",\"avatar\":\"caitlin\",\"rating\":1759,\"seed\":[10121,30197,32404,28289]}\n>p1 switch 4\n>p2 move psychicnoise\n>p1 move stealthrock\n>p2 move stealthrock\n>p1 move iciclecrash\n>p2 move encore\n>p1 switch 4\n>p2 switch 2\n>p1 move dragondance\n>p2 move swordsdance\n>p1 move earthquake\n>p2 move stoneedge\n>p2 switch 3\n>p1 switch 2\n>p2 move rapidspin\n>forcelose p2", "uploadtime": 1733892374, "views": 14, "formatid": "gen9randombattle", "rating": 1738, "private": 0, "password": null}