{"id": "gen9randombattle-2260693678", "format": "[Gen 9] Random Battle", "players": ["Aboguai", "MATEDE89"], "log": "|j|\u2606Aboguai\n|j|\u2606MATEDE89\n|t:|1733879304\n|gametype|singles\n|player|p1|Aboguai|170|1172\n|player|p2|MATEDE89|2|1222\n|teamsize|p1|6\n|teamsize|p2|6\n|gen|9\n|tier|[Gen 9] Random Battle\n|rated|\n|rule|Species Clause: Limit one of each Pok\u00e9mon\n|rule|HP Percentage Mod: HP is shown in percentages\n|rule|Sleep Clause Mod: Limit one foe put to sleep\n|rule|Illusion Level Mod: Illusion disguises the Pok\u00e9mon's true level\n|\n|t:|1733879304\n|start\n|switch|p1a: Baxcalibur|Baxcalibur, L75, M|295/295\n|switch|p2a: Hatterene|Hatterene, L85, F|236/236\n|turn|1\n|inactive|Battle timer is ON: inactive players will automatically lose when time's up. (requested by MATEDE89)\n|\n|t:|1733879324\n|move|p1a: Baxcalibur|Swords Dance|p1a: Baxcalibur\n|-boost|p1a: Baxcalibur|atk|2\n|move|p2a: Hatterene|Draining Kiss|p1a: Baxcalibur\n|-supereffective|p1a: Baxcalibur\n|-damage|p1a: Baxcalibur|127/295\n|\n|upkeep\n|turn|2\n|\n|t:|1733879332\n|move|p1a: Baxcalibur|Icicle Spear|p2a: Hatterene\n|-damage|p2a: Hatterene|184/236\n|-damage|p2a: Hatterene|129/236\n|-damage|p2a: Hatterene|71/236\n|-damage|p2a: Hatterene|17/236\n|-hitcount|p2a: Hatterene|4\n|move|p2a: Hatterene|Draining Kiss|p1a: Baxcalibur\n|-supereffective|p1a: Baxcalibur\n|-damage|p1a: Baxcalibur|0 fnt\n|-heal|p2a: Hatterene|112/236|[from] drain|[of] p1a: Baxcalibur\n|faint|p1a: Baxcalibur\n|\n|-heal|p2a: Hatterene|126/236|[from] item: Leftovers\n|upkeep\n|-message|Aboguai forfeited.\n|\n|win|MATEDE89\n|raw|Aboguai's rating: 1172 &rarr; <strong>1151</strong><br />(-21 for losing)\n|raw|MATEDE89's rating: 1222 &rarr; <strong>1243</strong><br />(+21 for winning)\n|l|\u2606Aboguai\n|player|p1|\n", "inputlog": ">version bfd83cad13791eb5a5a409923076391caf6fb4d4\n>start {\"formatid\":\"gen9randombattle\",\"seed\":[53111,21559,30359,22798],\"rated\":\"Rated battle\"}\n>player p1 {\"name\":\"Aboguai\",\"avatar\":\"170\",\"rating\":1172,\"seed\":[63889,4855,26409,28081]}\n>player p2 {\"name\":\"MATEDE89\",\"avatar\":\"2\",\"rating\":1222,\"seed\":[46867,256,32346,51797]}\n>p1 move swordsdance\n>p2 move drainingkiss\n>p1 move iciclespear\n>p2 move drainingkiss\n>forcelose p1", "uploadtime": 1733879346, "views": 2, "formatid": "gen9randombattle", "rating": 1151, "private": 0, "password": null}