{"id": "gen9randombattle-2260707825", "format": "[Gen 9] Random Battle", "players": ["canyousparechange", "Jackie QQ"], "log": "|j|\u2606canyousparechange\n|j|\u2606Jackie QQ\n|t:|1733881107\n|gametype|singles\n|player|p1|canyousparechange|li|1992\n|player|p2|Jackie QQ|lucas|1950\n|teamsize|p1|6\n|teamsize|p2|6\n|gen|9\n|tier|[Gen 9] Random Battle\n|rated|\n|rule|Species Clause: Limit one of each Pok\u00e9mon\n|rule|HP Percentage Mod: HP is shown in percentages\n|rule|Sleep Clause Mod: Limit one foe put to sleep\n|rule|Illusion Level Mod: Illusion disguises the Pok\u00e9mon's true level\n|\n|t:|1733881107\n|start\n|switch|p1a: Lurantis|Lurantis, L87, M|264/264\n|switch|p2a: Crawdaunt|Crawdaunt, L84, F|243/243\n|turn|1\n|inactive|Battle timer is ON: inactive players will automatically lose when time's up. (requested by canyousparechange)\n|inactive|Jackie QQ has 120 seconds left.\n|\n|t:|1733881151\n|switch|p2a: Noctowl|Noctowl, L95, F|344/344\n|move|p1a: Lurantis|Superpower|p2a: Noctowl\n|-damage|p2a: Noctowl|215/344\n|-boost|p1a: Lurantis|atk|1\n|-boost|p1a: Lurantis|def|1\n|\n|upkeep\n|turn|2\n|\n|t:|1733881178\n|move|p2a: Noctowl|Hurricane|p1a: Lurantis\n|-supereffective|p1a: Lurantis\n|-damage|p1a: Lurantis|102/264\n|move|p1a: Lurantis|Superpower|p2a: Noctowl\n|-damage|p2a: Noctowl|17/344\n|-boost|p1a: Lurantis|atk|1\n|-boost|p1a: Lurantis|def|1\n|\n|upkeep\n|turn|3\n|inactive|canyousparechange has 120 seconds left.\n|\n|t:|1733881194\n|move|p2a: Noctowl|Hurricane|p1a: Lurantis|[miss]\n|-miss|p2a: Noctowl|p1a: Lurantis\n|move|p1a: Lurantis|Knock Off|p2a: Noctowl\n|-damage|p2a: Noctowl|0 fnt\n|-enditem|p2a: Noctowl|Heavy-Duty Boots|[from] move: Knock Off|[of] p1a: Lurantis\n|faint|p2a: Noctowl\n|\n|upkeep\n|\n|t:|1733881204\n|switch|p2a: Clefable|Clefable, L83, M|293/293\n|turn|4\n|\n|t:|1733881216\n|move|p2a: Clefable|Moonblast|p1a: Lurantis\n|-damage|p1a: Lurantis|20/264\n|-boost|p1a: Lurantis|spa|1\n|move|p1a: Lurantis|Knock Off|p2a: Clefable\n|-resisted|p2a: Clefable\n|-damage|p2a: Clefable|201/293\n|-enditem|p2a: Clefable|Life Orb|[from] move: Knock Off|[of] p1a: Lurantis\n|\n|upkeep\n|turn|5\n|\n|t:|1733881225\n|move|p2a: Clefable|Moonblast|p1a: Lurantis\n|-damage|p1a: Lurantis|0 fnt\n|faint|p1a: Lurantis\n|\n|upkeep\n|inactive|canyousparechange has 120 seconds left.\n|\n|t:|1733881254\n|switch|p1a: Kyogre|Kyogre, L71|259/259\n|-weather|RainDance|[from] ability: Drizzle|[of] p1a: Kyogre\n|turn|6\n|\n|t:|1733881272\n|move|p1a: Kyogre|Calm Mind|p1a: Kyogre\n|-boost|p1a: Kyogre|spa|1\n|-boost|p1a: Kyogre|spd|1\n|move|p2a: Clefable|Moonblast|p1a: Kyogre\n|-damage|p1a: Kyogre|207/259\n|\n|-weather|RainDance|[upkeep]\n|-heal|p1a: Kyogre|223/259|[from] item: Leftovers\n|upkeep\n|turn|7\n|inactive|Jackie QQ has 120 seconds left.\n|\n|t:|1733881298\n|move|p1a: Kyogre|Origin Pulse|p2a: Clefable\n|-damage|p2a: Clefable|0 fnt\n|faint|p2a: Clefable\n|\n|-weather|RainDance|[upkeep]\n|-heal|p1a: Kyogre|239/259|[from] item: Leftovers\n|upkeep\n|inactive|Jackie QQ has 120 seconds left.\n|\n|t:|1733881307\n|switch|p2a: Gurdurr|Gurdurr, L85, M|283/283\n|turn|8\n|\n|t:|1733881313\n|move|p1a: Kyogre|Origin Pulse|p2a: Gurdurr\n|-crit|p2a: Gurdurr\n|-damage|p2a: Gurdurr|0 fnt\n|faint|p2a: Gurdurr\n|\n|-weather|RainDance|[upkeep]\n|-heal|p1a: Kyogre|255/259|[from] item: Leftovers\n|upkeep\n|inactive|Jackie QQ has 120 seconds left.\n|-message|Jackie QQ forfeited.\n|\n|win|canyousparechange\n|raw|canyousparechange's rating: 1992 &rarr; <strong>2010</strong><br />(+18 for winning)\n|raw|Jackie QQ's rating: 1950 &rarr; <strong>1932</strong><br />(-18 for losing)\n|l|\u2606Jackie QQ\n|player|p2|\n", "inputlog": ">version bfd83cad13791eb5a5a409923076391caf6fb4d4\n>start {\"formatid\":\"gen9randombattle\",\"seed\":[56478,22052,63227,62098],\"rated\":\"Rated battle\"}\n>player p1 {\"name\":\"canyousparechange\",\"avatar\":\"li\",\"rating\":1992,\"seed\":[18157,851,1470,39248]}\n>player p2 {\"name\":\"Jackie QQ\",\"avatar\":\"lucas\",\"rating\":1950,\"seed\":[15620,51124,43854,58554]}\n>p1 move superpower\n>p2 switch 5\n>p1 move superpower\n>p2 move hurricane\n>p1 move knockoff\n>p2 move hurricane\n>p2 switch 4\n>p1 move knockoff\n>p2 move moonblast\n>p1 move leafstorm\n>p2 move moonblast\n>p1 switch 6\n>p1 move calmmind\n>p2 move moonblast\n>p1 move originpulse\n>p2 move calmmind\n>p2 switch 2\n>p1 move originpulse\n>p2 move drainpunch\n>forcelose p2", "uploadtime": 1733881336, "views": 2, "formatid": "gen9randombattle", "rating": 1932, "private": 0, "password": null}