{"id": "gen9randombattle-2193481013", "format": "[Gen 9] Random Battle", "players": ["MichaelderBeste2", "Qiuescent"], "log": "|badge|p1|gold|gen9randombattle|3-2\n|uhtml|medal-msg|<div class=\"broadcast-blue\">Curious what those medals under the avatar are? PS now has Ladder Seasons! For more information, check out the <a href=\"https://www.smogon.com/forums/threads/3740067/\">thread on Smogon.</a></div>\n|badge|p2|silver|gen9randombattle|30-2\n|uhtml|medal-msg|<div class=\"broadcast-blue\">Curious what those medals under the avatar are? PS now has Ladder Seasons! For more information, check out the <a href=\"https://www.smogon.com/forums/threads/3740067/\">thread on Smogon.</a></div>\n|j|\u2606MichaelderBeste2\n|j|\u203dQiuescent\n|t:|1725341273\n|gametype|singles\n|player|p1|MichaelderBeste2|#vgcpliiizoruas|2510\n|player|p2|Qiuescent|170|2413\n|teamsize|p1|6\n|teamsize|p2|6\n|gen|9\n|tier|[Gen 9] Random Battle\n|rated|\n|rule|Species Clause: Limit one of each Pok\u00e9mon\n|rule|HP Percentage Mod: HP is shown in percentages\n|rule|Sleep Clause Mod: Limit one foe put to sleep\n|rule|Illusion Level Mod: Illusion disguises the Pok\u00e9mon's true level\n|\n|t:|1725341273\n|start\n|switch|p1a: Spidops|Spidops, L96, F|271/271\n|switch|p2a: Meowstic|Meowstic-F, L89, F|277/277\n|turn|1\n|j| Aerinidous\n|inactive|Battle timer is ON: inactive players will automatically lose when time's up. (requested by Qiuescent)\n|j| hybotenuse\n|inactive|MichaelderBeste2 has 120 seconds left.\n|inactive|MichaelderBeste2 has 90 seconds left.\n|\n|t:|1725341362\n|move|p2a: Meowstic|Psyshock|p1a: Spidops\n|-damage|p1a: Spidops|185/271\n|-damage|p2a: Meowstic|250/277|[from] item: Life Orb\n|move|p1a: Spidops|Sticky Web|p2a: Meowstic\n|-sidestart|p2: Qiuescent|move: Sticky Web\n|\n|upkeep\n|turn|2\n|\n|t:|1725341375\n|move|p2a: Meowstic|Psyshock|p1a: Spidops\n|-damage|p1a: Spidops|86/271\n|-damage|p2a: Meowstic|223/277|[from] item: Life Orb\n|move|p1a: Spidops|U-turn|p2a: Meowstic\n|-supereffective|p2a: Meowstic\n|-damage|p2a: Meowstic|49/277\n|inactive|MichaelderBeste2 has 120 seconds left.\n|\n|t:|1725341403\n|switch|p1a: Forretress|Forretress, L84, M|263/263|[from] U-turn\n|\n|upkeep\n|turn|3\n|\n|t:|1725341406\n|move|p2a: Meowstic|Thunderbolt|p1a: Forretress\n|-damage|p1a: Forretress|147/263\n|-damage|p2a: Meowstic|22/277|[from] item: Life Orb\n|move|p1a: Forretress|Stealth Rock|p2a: Meowstic\n|-sidestart|p2: Qiuescent|move: Stealth Rock\n|\n|-heal|p1a: Forretress|163/263|[from] item: Leftovers\n|upkeep\n|turn|4\n|\n|t:|1725341410\n|switch|p1a: Morpeko|Morpeko, L88, F|245/245\n|move|p2a: Meowstic|Thunderbolt|p1a: Morpeko\n|-resisted|p1a: Morpeko\n|-damage|p1a: Morpeko|194/245\n|-damage|p2a: Meowstic|0 fnt|[from] item: Life Orb\n|faint|p2a: Meowstic\n|\n|-formechange|p1a: Morpeko|Morpeko-Hangry||[from] ability: Hunger Switch\n|upkeep\n|\n|t:|1725341415\n|switch|p2a: Malamar|Malamar, L82, M|275/275\n|-activate|p2a: Malamar|move: Sticky Web\n|-boost|p2a: Malamar|spe|1\n|-damage|p2a: Malamar|241/275|[from] Stealth Rock\n|turn|5\n|inactive|MichaelderBeste2 has 120 seconds left.\n|\n|t:|1725341446\n|switch|p1a: Ludicolo|Ludicolo, L90, M|290/290\n|move|p2a: Malamar|Superpower|p1a: Ludicolo\n|-damage|p1a: Ludicolo|209/290\n|-boost|p2a: Malamar|atk|1\n|-boost|p2a: Malamar|def|1\n|\n|upkeep\n|turn|6\n|inactive|MichaelderBeste2 has 120 seconds left.\n|inactive|MichaelderBeste2 has 90 seconds left.\n|\n|t:|1725341514\n|switch|p2a: Pachirisu|Pachirisu, L96, M|271/271\n|-terastallize|p1a: Ludicolo|Grass\n|move|p1a: Ludicolo|Leaf Storm|p2a: Pachirisu\n|-damage|p2a: Pachirisu|0 fnt\n|-unboost|p1a: Ludicolo|spa|2\n|faint|p2a: Pachirisu\n|\n|upkeep\n|\n|t:|1725341529\n|switch|p2a: Cyclizar|Cyclizar, L83, M|252/252\n|turn|7\n|\n|t:|1725341536\n|switch|p1a: Forretress|Forretress, L84, M|163/263\n|move|p2a: Cyclizar|Shed Tail|p2a: Cyclizar\n|-start|p2a: Cyclizar|Substitute|[from] move: Shed Tail\n|-damage|p2a: Cyclizar|126/252\n|\n|t:|1725341540\n|switch|p2a: Malamar|Malamar, L82, M|241/275|[from] Shed Tail\n|-activate|p2a: Malamar|move: Sticky Web\n|-boost|p2a: Malamar|spe|1\n|-damage|p2a: Malamar|207/275|[from] Stealth Rock\n|\n|-heal|p1a: Forretress|179/263|[from] item: Leftovers\n|upkeep\n|turn|8\n|inactive|MichaelderBeste2 has 60 seconds left.\n|inactive|MichaelderBeste2 has 30 seconds left.\n|\n|t:|1725341602\n|switch|p1a: Morpeko|Morpeko, L88, F|194/245\n|move|p2a: Malamar|Superpower|p1a: Morpeko\n|-supereffective|p1a: Morpeko\n|-damage|p1a: Morpeko|10/245\n|-boost|p2a: Malamar|atk|1\n|-boost|p2a: Malamar|def|1\n|\n|-formechange|p1a: Morpeko|Morpeko-Hangry||[from] ability: Hunger Switch\n|upkeep\n|turn|9\n|inactive|MichaelderBeste2 has 30 seconds left.\n|-message|MichaelderBeste2 forfeited.\n|\n|win|Qiuescent\n|raw|MichaelderBeste2's rating: 2510 &rarr; <strong>2485</strong><br />(-25 for losing)\n|raw|Qiuescent's rating: 2413 &rarr; <strong>2438</strong><br />(+25 for winning)\n", "inputlog": ">version fb38517c27254f3634e2780c496b6b56e66c1790\n>start {\"formatid\":\"gen9randombattle\",\"seed\":[3643,27579,35999,4206],\"rated\":\"Rated battle\"}\n>player p1 {\"name\":\"MichaelderBeste2\",\"avatar\":\"#vgcpliiizoruas\",\"rating\":2510,\"seed\":[14615,18561,21309,56436]}\n>player p2 {\"name\":\"Qiuescent\",\"avatar\":\"170\",\"rating\":2413,\"seed\":[28882,43571,51551,53178]}\n>p1 move stickyweb\n>p2 move psyshock\n>p1 move uturn\n>p2 move psyshock\n>p1 switch 5\n>p1 move stealthrock\n>p2 move thunderbolt\n>p1 switch 4\n>p2 move thunderbolt\n>p2 switch 4\n>p1 switch 2\n>p2 move superpower\n>p1 move leafstorm terastallize\n>p2 switch 6\n>p2 switch 2\n>p1 switch 4\n>p2 move shedtail\n>p2 switch 6\n>p1 switch 2\n>p2 move superpower\n>forcelose p1", "uploadtime": 1725341615, "views": 147, "formatid": "gen9randombattle", "rating": 2438, "private": 0, "password": null}