{"id": "gen9randombattle-2260654349", "format": "[Gen 9] Random Battle", "players": ["hemze0", "plantboy"], "log": "|j|\u2606hemze0\n|j|\u203dplantboy\n|t:|1733874326\n|gametype|singles\n|player|p1|hemze0|bugsy|1085\n|player|p2|plantboy|2|1063\n|teamsize|p1|6\n|teamsize|p2|6\n|gen|9\n|tier|[Gen 9] Random Battle\n|rated|\n|rule|Species Clause: Limit one of each Pok\u00e9mon\n|rule|HP Percentage Mod: HP is shown in percentages\n|rule|Sleep Clause Mod: Limit one foe put to sleep\n|rule|Illusion Level Mod: Illusion disguises the Pok\u00e9mon's true level\n|\n|t:|1733874326\n|start\n|switch|p1a: Kleavor|Kleavor, L78, M|237/237\n|switch|p2a: Magmortar|Magmortar, L88, M|275/275\n|turn|1\n|inactive|Battle timer is ON: inactive players will automatically lose when time's up. (requested by plantboy)\n|inactive|hemze0 has 120 seconds left.\n|\n|t:|1733874366\n|move|p2a: Magmortar|Fire Blast|p1a: Kleavor\n|-damage|p1a: Kleavor|0 fnt\n|faint|p1a: Kleavor\n|\n|upkeep\n|\n|t:|1733874376\n|switch|p1a: Sandslash|Sandslash, L88, M|275/275\n|turn|2\n|\n|t:|1733874384\n|switch|p2a: Quagsire|Quagsire, L84, F|297/297\n|move|p1a: Sandslash|Earthquake|p2a: Quagsire\n|-damage|p2a: Quagsire|170/297\n|\n|-heal|p2a: Quagsire|188/297|[from] item: Leftovers\n|upkeep\n|turn|3\n|\n|t:|1733874396\n|switch|p1a: Meganium|Meganium, L90, M|290/290\n|move|p2a: Quagsire|Ice Beam|p1a: Meganium\n|-supereffective|p1a: Meganium\n|-damage|p1a: Meganium|204/290\n|\n|-heal|p2a: Quagsire|206/297|[from] item: Leftovers\n|upkeep\n|turn|4\n|\n|t:|1733874414\n|switch|p2a: Chansey|Chansey, L85, F|564/564\n|move|p1a: Meganium|Petal Blizzard|p2a: Chansey\n|-damage|p2a: Chansey|298/564\n|-damage|p1a: Meganium|175/290|[from] item: Life Orb\n|\n|upkeep\n|turn|5\n|\n|t:|1733874434\n|move|p1a: Meganium|Earthquake|p2a: Chansey\n|-damage|p2a: Chansey|73/564\n|-damage|p1a: Meganium|146/290|[from] item: Life Orb\n|move|p2a: Chansey|Thunder Wave|p1a: Meganium\n|-status|p1a: Meganium|par\n|\n|upkeep\n|turn|6\n|inactive|hemze0 has 120 seconds left.\n|\n|t:|1733874455\n|move|p2a: Chansey|Soft-Boiled|p2a: Chansey\n|-heal|p2a: Chansey|355/564\n|move|p1a: Meganium|Petal Blizzard|p2a: Chansey\n|-damage|p2a: Chansey|69/564\n|-damage|p1a: Meganium|117/290 par|[from] item: Life Orb\n|\n|upkeep\n|turn|7\n|inactive|hemze0 has 120 seconds left.\n|\n|t:|1733874467\n|switch|p1a: Serperior|Serperior, L79, F|248/248\n|move|p2a: Chansey|Soft-Boiled|p2a: Chansey\n|-heal|p2a: Chansey|351/564\n|\n|upkeep\n|turn|8\n|inactive|hemze0 has 120 seconds left.\n|\n|t:|1733874479\n|move|p1a: Serperior|Leech Seed|p2a: Chansey\n|-start|p2a: Chansey|move: Leech Seed\n|move|p2a: Chansey|Thunder Wave|p1a: Serperior\n|-status|p1a: Serperior|par\n|\n|-damage|p2a: Chansey|281/564|[from] Leech Seed|[of] p1a: Serperior\n|upkeep\n|turn|9\n|l|\u203dplantboy\n|inactive|plantboy disconnected and has a minute to reconnect!\n|player|p2|\n|inactive|hemze0 has 120 seconds left.\n|inactive|plantboy has 30 seconds to reconnect!\n|l|\u2606hemze0\n|inactive|hemze0 disconnected and has a minute to reconnect!\n|player|p1|\n|inactive|plantboy has 20 seconds to reconnect!\n|inactive|plantboy has 15 seconds to reconnect!\n|inactive|plantboy has 10 seconds to reconnect!\n|inactive|plantboy has 5 seconds to reconnect!\n|-message|plantboy lost due to inactivity.\n|\n|win|hemze0\n|raw|hemze0's rating: 1085 &rarr; <strong>1111</strong><br />(+26 for winning)\n|raw|plantboy's rating: 1063 &rarr; <strong>1045</strong><br />(-18 for losing)\n|j|\u2606hemze0\n|player|p1|hemze0|bugsy|\n", "inputlog": ">version bfd83cad13791eb5a5a409923076391caf6fb4d4\n>start {\"formatid\":\"gen9randombattle\",\"seed\":[52071,22746,33869,31478],\"rated\":\"Rated battle\"}\n>player p1 {\"name\":\"hemze0\",\"avatar\":\"bugsy\",\"rating\":1085,\"seed\":[27979,16841,2131,55645]}\n>player p2 {\"name\":\"plantboy\",\"avatar\":\"2\",\"rating\":1063,\"seed\":[58470,58976,58356,41815]}\n>p1 move swordsdance\n>p2 move fireblast\n>p1 switch 6\n>p1 move earthquake\n>p2 switch 4\n>p1 switch 3\n>p2 move icebeam\n>p1 move petalblizzard\n>p2 switch 6\n>p1 move earthquake\n>p2 move thunderwave\n>p1 move petalblizzard\n>p2 move softboiled\n>p1 switch 2\n>p2 move softboiled\n>p1 move leechseed\n>p2 move thunderwave\n>forcelose p2", "uploadtime": 1733874622, "views": 1, "formatid": "gen9randombattle", "rating": 1045, "private": 0, "password": null}