{"id": "gen9randombattle-2260763858", "format": "[Gen 9] Random Battle", "players": ["TheMadJAM", "P0rkchop"], "log": "|j|\u2606TheMadJAM\n|j|\u2606P0rkchop\n|t:|1733888553\n|gametype|singles\n|player|p1|TheMadJAM|169|1677\n|player|p2|P0rkchop|wallace|1696\n|teamsize|p1|6\n|teamsize|p2|6\n|gen|9\n|tier|[Gen 9] Random Battle\n|rated|\n|rule|Species Clause: Limit one of each Pok\u00e9mon\n|rule|HP Percentage Mod: HP is shown in percentages\n|rule|Sleep Clause Mod: Limit one foe put to sleep\n|rule|Illusion Level Mod: Illusion disguises the Pok\u00e9mon's true level\n|\n|t:|1733888553\n|start\n|switch|p1a: Luvdisc|Luvdisc, M|247/247\n|switch|p2a: Flamigo|Flamigo, L82, M|269/269\n|turn|1\n|inactive|Battle timer is ON: inactive players will automatically lose when time's up. (requested by TheMadJAM)\n|c|\u2606P0rkchop|Alright! Another battle! Flamigo, I choose you!\n|inactive|P0rkchop has 120 seconds left.\n|c|\u2606P0rkchop|Huh, a Luvdisc! I've heard of those before\n|c|\u2606P0rkchop|Go, Flamigo, attack!\n|\n|t:|1733888597\n|move|p1a: Luvdisc|Substitute|p1a: Luvdisc\n|-start|p1a: Luvdisc|Substitute\n|-damage|p1a: Luvdisc|186/247\n|move|p2a: Flamigo|Swords Dance|p2a: Flamigo\n|-boost|p2a: Flamigo|atk|2\n|\n|upkeep\n|turn|2\n|c|\u2606TheMadJAM|Attack, eh?\n|c|\u2606P0rkchop|Whoa! Luvdisc hid behind a substitute!\n|c|\u2606P0rkchop|What am I gonna do now? He's immune to all my attacks.\n|inactive|P0rkchop has 120 seconds left.\n|\n|t:|1733888635\n|switch|p2a: Araquanid|Araquanid, L82, M|246/246\n|move|p1a: Luvdisc|Surf|p2a: Araquanid\n|-resisted|p2a: Araquanid\n|-damage|p2a: Araquanid|219/246\n|\n|upkeep\n|turn|3\n|inactive|P0rkchop has 120 seconds left.\n|c|\u2606P0rkchop|Return Flamigo, go Araquanid!\n|c|\u2606TheMadJAM|Uh oh, my Luvdisc is arachnophobic!\n|c|\u2606P0rkchop|Ahaha good one! This will be an interesting matchup.\n|\n|t:|1733888669\n|move|p1a: Luvdisc|Whirlpool|p2a: Araquanid\n|-resisted|p2a: Araquanid\n|-damage|p2a: Araquanid|207/246\n|-activate|p2a: Araquanid|move: Whirlpool|[of] p1a: Luvdisc\n|move|p2a: Araquanid|Sticky Web|p1a: Luvdisc\n|-sidestart|p1: TheMadJAM|move: Sticky Web\n|\n|-damage|p2a: Araquanid|177/246|[from] move: Whirlpool|[partiallytrapped]\n|upkeep\n|turn|4\n|c|\u2606TheMadJAM|Go Luvdisc, trap him in a whirlpool!\n|inactive|P0rkchop has 90 seconds left.\n|c|\u2606P0rkchop|We got a web up, but look! We're trapped in the battle\n|c|\u2606P0rkchop|Look's like it's an all out fight. Go Araquanid! You can do this!\n|\n|t:|1733888707\n|move|p1a: Luvdisc|Surf|p2a: Araquanid\n|-resisted|p2a: Araquanid\n|-damage|p2a: Araquanid|147/246\n|move|p2a: Araquanid|Leech Life|p1a: Luvdisc\n|-end|p1a: Luvdisc|Substitute\n|-heal|p2a: Araquanid|178/246|[from] drain|[of] p1a: Luvdisc\n|\n|-damage|p2a: Araquanid|148/246|[from] move: Whirlpool|[partiallytrapped]\n|upkeep\n|turn|5\n|inactive|TheMadJAM has 120 seconds left.\n|inactive|P0rkchop has 60 seconds left.\n|c|\u2606P0rkchop|That Surf isn't strong against us but it's chipping us down. Im not sure how much more he can take...\n|c|\u2606TheMadJAM|Hmm, looks like a stalemate. Luvdisc, return! Go Solgaleo!\n|\n|t:|1733888756\n|switch|p1a: Solgaleo|Solgaleo, L74|325/325\n|-activate|p1a: Solgaleo|move: Sticky Web\n|-fail|p1a: Solgaleo|unboost|[from] ability: Full Metal Body|[of] p1a: Solgaleo\n|move|p2a: Araquanid|Leech Life|p1a: Solgaleo\n|-damage|p1a: Solgaleo|259/325\n|-heal|p2a: Araquanid|181/246|[from] drain|[of] p1a: Solgaleo\n|\n|-end|p2a: Araquanid|Whirlpool|[partiallytrapped]|[silent]\n|upkeep\n|turn|6\n|inactive|P0rkchop has 60 seconds left.\n|inactive|P0rkchop has 30 seconds left.\n|c|\u2606P0rkchop|Solgaleo! I didn't know they existed. I used to hear stories about him as a kid. Wow, you must be a strong trainer!\n|\n|t:|1733888803\n|move|p1a: Solgaleo|Knock Off|p2a: Araquanid\n|-damage|p2a: Araquanid|108/246\n|-enditem|p2a: Araquanid|Heavy-Duty Boots|[from] move: Knock Off|[of] p1a: Solgaleo\n|move|p2a: Araquanid|Leech Life|p1a: Solgaleo\n|-damage|p1a: Solgaleo|202/325\n|-heal|p2a: Araquanid|137/246|[from] drain|[of] p1a: Solgaleo\n|\n|upkeep\n|turn|7\n|inactive|P0rkchop has 30 seconds left.\n|inactiveoff|Battle timer is now OFF.\n|c|\u2606P0rkchop|Oh no! Our boots!\n|c|\u2606P0rkchop|Hey thanks! Now we can battle at our own pace\n|c|\u2606P0rkchop|Get ready, I'm not giving up that easily!\n|\n|t:|1733888849\n|move|p1a: Solgaleo|Sunsteel Strike|p2a: Araquanid\n|-resisted|p2a: Araquanid\n|-damage|p2a: Araquanid|79/246\n|move|p2a: Araquanid|Hydro Pump|p1a: Solgaleo\n|-damage|p1a: Solgaleo|48/325\n|\n|upkeep\n|turn|8\n|\n|t:|1733888879\n|switch|p1a: Oranguru|Oranguru, L92, F|315/315\n|-activate|p1a: Oranguru|move: Sticky Web\n|-unboost|p1a: Oranguru|spe|1\n|move|p2a: Araquanid|Leech Life|p1a: Oranguru\n|-supereffective|p1a: Oranguru\n|-damage|p1a: Oranguru|195/315\n|-heal|p2a: Araquanid|139/246|[from] drain|[of] p1a: Oranguru\n|\n|upkeep\n|turn|9\n|c|\u2606TheMadJAM|Solgaleo, return!\n|c|\u2606TheMadJAM|Go, Oranguru!\n|c|\u2606P0rkchop|Whoa what's that Pokemon?\n|c|\u2606P0rkchop|!Dt Oranguru\n|raw|<div class=\"message\"><ul class=\"utilichart\"><li class=\"result\"><span class=\"col numcol\">ZU</span> <span class=\"col iconcol\"><psicon pokemon=\"oranguru\"/></span> <span class=\"col pokemonnamecol\" style=\"white-space:nowrap\"><a href=\"https://dex.pokemonshowdown.com/pokemon/oranguru\" target=\"_blank\">Oranguru</a></span> <span class=\"col typecol\"><img src=\"https://play.pokemonshowdown.com/sprites/types/Normal.png\" alt=\"Normal\" height=\"14\" width=\"32\"><img src=\"https://play.pokemonshowdown.com/sprites/types/Psychic.png\" alt=\"Psychic\" height=\"14\" width=\"32\"></span> <span style=\"float:left;min-height:26px\"><span class=\"col twoabilitycol\">Inner Focus<br />Telepathy</span><span class=\"col abilitycol\"><em>Symbiosis</em></span></span><span style=\"float:left;min-height:26px\"><span class=\"col statcol\"><em>HP</em><br />90</span> <span class=\"col statcol\"><em>Atk</em><br />60</span> <span class=\"col statcol\"><em>Def</em><br />80</span> <span class=\"col statcol\"><em>SpA</em><br />90</span> <span class=\"col statcol\"><em>SpD</em><br />110</span> <span class=\"col statcol\"><em>Spe</em><br />60</span> <span class=\"col bstcol\"><em>BST<br />490</em></span> </span></li><li style=\"clear:both\"></li></ul></div>\n|raw|<font size=\"1\"><font color=\"#686868\">Dex#:</font> 765&nbsp;|&ThickSpace;<font color=\"#686868\">Gen:</font> 7&nbsp;|&ThickSpace;<font color=\"#686868\">Height:</font> 1.5 m&nbsp;|&ThickSpace;<font color=\"#686868\">Weight:</font> 76 kg <em>(80 BP)</em>&nbsp;|&ThickSpace;<font color=\"#686868\">Dex Colour:</font> White&nbsp;|&ThickSpace;<font color=\"#686868\">Egg Group(s):</font> Field&nbsp;|&ThickSpace;<font color=\"#686868\">Does Not Evolve</font></font>\n\n|c|\u2606P0rkchop|I see, it's a psychic type with a secondary normal type\n|c|\u2606P0rkchop|I can't hit it with Ghost moves, I gotta be careful\n|c|\u2606P0rkchop|Return, Araquanid!\n|\n|t:|1733888932\n|switch|p2a: Chansey|Chansey, L85, F|564/564\n|move|p1a: Oranguru|Thunderbolt|p2a: Chansey\n|-damage|p2a: Chansey|506/564\n|\n|upkeep\n|turn|10\n|c|\u2606TheMadJAM|A psychic type against a bug type may seem strange\n|c|\u2606P0rkchop|Definitely!\n|c|\u2606P0rkchop|That was close, I thought something strong was coming. Your team is so cool!\n|c|\u2606TheMadJAM|Hmm, my special attacker won't be able to get through your Chansey...\n|\n|t:|1733888983\n|switch|p1a: Ting-Lu|Ting-Lu, L78|370/370\n|-activate|p1a: Ting-Lu|move: Sticky Web\n|-unboost|p1a: Ting-Lu|spe|1\n|-ability|p1a: Ting-Lu|Vessel of Ruin\n|move|p2a: Chansey|Thunder Wave|p1a: Ting-Lu\n|-immune|p1a: Ting-Lu\n|\n|upkeep\n|turn|11\n|c|\u2606P0rkchop|Now we got him, Chansey, attack!\n|c|\u2606P0rkchop|Oh man! He read our status condition move and countered with a physicaltype!\n|c|\u2606TheMadJAM|My team is full of surprises!\n|c|\u2606P0rkchop|I never know what's coming next. That's why I love battling!\n|\n|t:|1733889032\n|switch|p2a: Landorus|Landorus-Therian, L76, M|260/260\n|-ability|p2a: Landorus|Intimidate|boost\n|-unboost|p1a: Ting-Lu|atk|1\n|move|p1a: Ting-Lu|Stealth Rock|p2a: Landorus\n|-sidestart|p2: P0rkchop|move: Stealth Rock\n|\n|upkeep\n|turn|12\n|c|\u2606P0rkchop|Go Lando-T!\n|c|\u2606P0rkchop|Uh oh, stealth rocks!\n|c|\u2606P0rkchop|better watch my step\n|c|\u2606TheMadJAM|Woah, and I thought my Pokemon were the only surprises! What's that!?\n|c|\u2606TheMadJAM|!dt Landorus\n|raw|<div class=\"message\"><ul class=\"utilichart\"><li class=\"result\"><span class=\"col numcol\">Uber</span> <span class=\"col iconcol\"><psicon pokemon=\"landorus\"/></span> <span class=\"col pokemonnamecol\" style=\"white-space:nowrap\"><a href=\"https://dex.pokemonshowdown.com/pokemon/landorus\" target=\"_blank\">Landorus</a></span> <span class=\"col typecol\"><img src=\"https://play.pokemonshowdown.com/sprites/types/Ground.png\" alt=\"Ground\" height=\"14\" width=\"32\"><img src=\"https://play.pokemonshowdown.com/sprites/types/Flying.png\" alt=\"Flying\" height=\"14\" width=\"32\"></span> <span style=\"float:left;min-height:26px\"><span class=\"col abilitycol\">Sand Force</span><span class=\"col abilitycol\"><em>Sheer Force</em></span></span><span style=\"float:left;min-height:26px\"><span class=\"col statcol\"><em>HP</em><br />89</span> <span class=\"col statcol\"><em>Atk</em><br />125</span> <span class=\"col statcol\"><em>Def</em><br />90</span> <span class=\"col statcol\"><em>SpA</em><br />115</span> <span class=\"col statcol\"><em>SpD</em><br />80</span> <span class=\"col statcol\"><em>Spe</em><br />101</span> <span class=\"col bstcol\"><em>BST<br />600</em></span> </span></li><li style=\"clear:both\"></li></ul></div>\n|raw|<font size=\"1\"><font color=\"#686868\">Dex#:</font> 645&nbsp;|&ThickSpace;<font color=\"#686868\">Gen:</font> 5&nbsp;|&ThickSpace;<font color=\"#686868\">Height:</font> 1.5 m&nbsp;|&ThickSpace;<font color=\"#686868\">Weight:</font> 68 kg <em>(80 BP)</em>&nbsp;|&ThickSpace;<font color=\"#686868\">Dex Colour:</font> Brown&nbsp;|&ThickSpace;<font color=\"#686868\">Egg Group(s):</font> Undiscovered&nbsp;|&ThickSpace;<font color=\"#686868\">Does Not Evolve</font></font>\n\n|\n|t:|1733889110\n|move|p2a: Landorus|Taunt|p1a: Ting-Lu\n|-start|p1a: Ting-Lu|move: Taunt\n|cant|p1a: Ting-Lu|move: Taunt|Spikes\n|\n|upkeep\n|turn|13\n|c|\u2606P0rkchop|He's my best pokepal! We met when I was just a kid\n|c|\u2606TheMadJAM|Wow!\n|c|\u2606P0rkchop|That was close!\n|\n|t:|1733889124\n|move|p2a: Landorus|U-turn|p1a: Ting-Lu\n|-supereffective|p1a: Ting-Lu\n|-damage|p1a: Ting-Lu|274/370\n|c|\u2606P0rkchop|Lando's pivot is unmatched!\n|\n|t:|1733889140\n|switch|p2a: Excadrill|Excadrill, L79, M|303/303|[from] U-turn\n|-damage|p2a: Excadrill|294/303|[from] Stealth Rock\n|-ability|p2a: Excadrill|Mold Breaker\n|move|p1a: Ting-Lu|Throat Chop|p2a: Excadrill\n|-crit|p2a: Excadrill\n|-damage|p2a: Excadrill|119/303\n|-start|p2a: Excadrill|Throat Chop|[silent]\n|\n|-heal|p2a: Excadrill|137/303|[from] item: Leftovers\n|-heal|p1a: Ting-Lu|297/370|[from] item: Leftovers\n|upkeep\n|turn|14\n|c|\u2606P0rkchop|ouch!\n|c|\u2606P0rkchop|That did ALOT\n|c|\u2606P0rkchop|Must have been a CRITICAL HIT\n|\n|t:|1733889180\n|move|p2a: Excadrill|Rapid Spin|p1a: Ting-Lu\n|-damage|p1a: Ting-Lu|263/370\n|-boost|p2a: Excadrill|spe|1\n|-sideend|p2: P0rkchop|Stealth Rock|[from] move: Rapid Spin|[of] p2a: Excadrill\n|move|p1a: Ting-Lu|Earthquake|p2a: Excadrill\n|-supereffective|p2a: Excadrill\n|-damage|p2a: Excadrill|0 fnt\n|faint|p2a: Excadrill\n|\n|-heal|p1a: Ting-Lu|286/370|[from] item: Leftovers\n|-end|p1a: Ting-Lu|move: Taunt\n|upkeep\n|c|\u2606TheMadJAM|There go my stealth rocks... for now!\n|c|\u2606P0rkchop|Oh no, Exacdrill! Take a nice long rest\n|c|\u2606P0rkchop|1 down, it's not looking good for me...\n|c|\u2606P0rkchop|But like I said, I don't give up that easily!\n|\n|t:|1733889229\n|switch|p2a: Calyrex|Calyrex, L93|337/337\n|-ability|p2a: Calyrex|Unnerve\n|turn|15\n|c|\u2606P0rkchop|Go Calyrex!\n|c|\u2606TheMadJAM|Woah, another surprise!\n|c|\u2606TheMadJAM|!dt Calyrex\n|raw|<div class=\"message\"><ul class=\"utilichart\"><li class=\"result\"><span class=\"col numcol\">ZU</span> <span class=\"col iconcol\"><psicon pokemon=\"calyrex\"/></span> <span class=\"col pokemonnamecol\" style=\"white-space:nowrap\"><a href=\"https://dex.pokemonshowdown.com/pokemon/calyrex\" target=\"_blank\">Calyrex</a></span> <span class=\"col typecol\"><img src=\"https://play.pokemonshowdown.com/sprites/types/Psychic.png\" alt=\"Psychic\" height=\"14\" width=\"32\"><img src=\"https://play.pokemonshowdown.com/sprites/types/Grass.png\" alt=\"Grass\" height=\"14\" width=\"32\"></span> <span style=\"float:left;min-height:26px\"><span class=\"col abilitycol\">Unnerve</span><span class=\"col abilitycol\"></span></span><span style=\"float:left;min-height:26px\"><span class=\"col statcol\"><em>HP</em><br />100</span> <span class=\"col statcol\"><em>Atk</em><br />80</span> <span class=\"col statcol\"><em>Def</em><br />80</span> <span class=\"col statcol\"><em>SpA</em><br />80</span> <span class=\"col statcol\"><em>SpD</em><br />80</span> <span class=\"col statcol\"><em>Spe</em><br />80</span> <span class=\"col bstcol\"><em>BST<br />500</em></span> </span></li><li style=\"clear:both\"></li></ul></div>\n|raw|<font size=\"1\"><font color=\"#686868\">Dex#:</font> 898&nbsp;|&ThickSpace;<font color=\"#686868\">Gen:</font> 8&nbsp;|&ThickSpace;<font color=\"#686868\">Height:</font> 1.1 m&nbsp;|&ThickSpace;<font color=\"#686868\">Weight:</font> 7.7 kg <em>(20 BP)</em>&nbsp;|&ThickSpace;<font color=\"#686868\">Dex Colour:</font> Green&nbsp;|&ThickSpace;<font color=\"#686868\">Egg Group(s):</font> Undiscovered&nbsp;|&ThickSpace;<font color=\"#686868\">Does Not Evolve</font></font>\n\n|\n|t:|1733889259\n|move|p2a: Calyrex|Encore|p1a: Ting-Lu\n|-start|p1a: Ting-Lu|Encore\n|move|p1a: Ting-Lu|Earthquake|p2a: Calyrex\n|-resisted|p2a: Calyrex\n|-damage|p2a: Calyrex|304/337\n|\n|-heal|p2a: Calyrex|325/337|[from] item: Leftovers\n|-heal|p1a: Ting-Lu|309/370|[from] item: Leftovers\n|upkeep\n|turn|16\n|c|\u2606TheMadJAM|Clever play, I doubt I can win that matchup...\n|c|\u2606P0rkchop|Get ready, this Pokemon is really strong!\n|c|\u2606TheMadJAM|Ting-Lu, return! Go, Solgaleo!\n|\n|t:|1733889309\n|switch|p1a: Solgaleo|Solgaleo, L74|48/325\n|-activate|p1a: Solgaleo|move: Sticky Web\n|-fail|p1a: Solgaleo|unboost|[from] ability: Full Metal Body|[of] p1a: Solgaleo\n|move|p2a: Calyrex|Calm Mind|p2a: Calyrex\n|-boost|p2a: Calyrex|spa|1\n|-boost|p2a: Calyrex|spd|1\n|\n|-heal|p2a: Calyrex|337/337|[from] item: Leftovers\n|upkeep\n|turn|17\n|\n|t:|1733889338\n|move|p2a: Calyrex|Psychic|p1a: Solgaleo\n|-resisted|p1a: Solgaleo\n|-damage|p1a: Solgaleo|7/325\n|move|p1a: Solgaleo|Flame Charge|p2a: Calyrex\n|-supereffective|p2a: Calyrex\n|-damage|p2a: Calyrex|263/337\n|-boost|p1a: Solgaleo|spe|1\n|\n|-heal|p2a: Calyrex|284/337|[from] item: Leftovers\n|upkeep\n|turn|18\n|c|\u2606P0rkchop|Whoa Full Metal Body protected it from a speed drop! No worries, my Calyrex is still faster. Attack!\n|c|\u2606P0rkchop|It ate it up like it was nothing!\n|c|\u2606TheMadJAM|Solgaleo really hung in there!\n|\n|t:|1733889363\n|move|p1a: Solgaleo|Knock Off|p2a: Calyrex\n|-supereffective|p2a: Calyrex\n|-damage|p2a: Calyrex|152/337\n|-enditem|p2a: Calyrex|Leftovers|[from] move: Knock Off|[of] p1a: Solgaleo\n|move|p2a: Calyrex|Giga Drain|p1a: Solgaleo\n|-resisted|p1a: Solgaleo\n|-damage|p1a: Solgaleo|0 fnt\n|-heal|p2a: Calyrex|156/337|[from] drain|[of] p1a: Solgaleo\n|faint|p1a: Solgaleo\n|\n|upkeep\n|c|\u2606P0rkchop|Your Solgaleo is really cool!\n|c|\u2606TheMadJAM|He's resting for our next battle now.\n|\n|t:|1733889423\n|switch|p1a: Oranguru|Oranguru, L92, F|195/315\n|-activate|p1a: Oranguru|move: Sticky Web\n|-unboost|p1a: Oranguru|spe|1\n|turn|19\n|\n|t:|1733889432\n|move|p2a: Calyrex|Calm Mind|p2a: Calyrex\n|-boost|p2a: Calyrex|spa|1\n|-boost|p2a: Calyrex|spd|1\n|move|p1a: Oranguru|Hyper Voice|p2a: Calyrex\n|-crit|p2a: Calyrex\n|-damage|p2a: Calyrex|0 fnt\n|faint|p2a: Calyrex\n|\n|upkeep\n|c|\u2606P0rkchop|Ugh a crit!\n|\n|t:|1733889447\n|switch|p2a: Chansey|Chansey, L85, F|506/564\n|turn|20\n|c|\u2606TheMadJAM|Another critical hit! Wow!\n|c|\u2606P0rkchop|Back to you Chansey!\n|\n|t:|1733889477\n|switch|p1a: Ting-Lu|Ting-Lu, L78|309/370\n|-activate|p1a: Ting-Lu|move: Sticky Web\n|-unboost|p1a: Ting-Lu|spe|1\n|-ability|p1a: Ting-Lu|Vessel of Ruin\n|move|p2a: Chansey|Stealth Rock|p1a: Ting-Lu\n|-sidestart|p1: TheMadJAM|move: Stealth Rock\n|\n|-heal|p1a: Ting-Lu|332/370|[from] item: Leftovers\n|upkeep\n|turn|21\n|c|\u2606TheMadJAM|But I still can't win this matchup, so it's back to you, Ting-Lu!\n|\n|t:|1733889492\n|switch|p2a: Landorus|Landorus-Therian, L76, M|260/260\n|-ability|p2a: Landorus|Intimidate|boost\n|-unboost|p1a: Ting-Lu|atk|1\n|move|p1a: Ting-Lu|Stealth Rock|p2a: Landorus\n|-sidestart|p2: P0rkchop|move: Stealth Rock\n|\n|-heal|p1a: Ting-Lu|355/370|[from] item: Leftovers\n|upkeep\n|turn|22\n|c|\u2606P0rkchop|Lando! I need you!\n|\n|t:|1733889533\n|switch|p1a: Krookodile|Krookodile, L80, M|283/283\n|-activate|p1a: Krookodile|move: Sticky Web\n|-unboost|p1a: Krookodile|spe|1\n|-damage|p1a: Krookodile|266/283|[from] Stealth Rock\n|-ability|p1a: Krookodile|Intimidate|boost\n|-unboost|p2a: Landorus|atk|1\n|move|p2a: Landorus|U-turn|p1a: Krookodile\n|-supereffective|p1a: Krookodile\n|-damage|p1a: Krookodile|180/283\n|c|\u2606TheMadJAM|Time to reveal another friend. Go Krookodile!\n|\n|t:|1733889540\n|switch|p2a: Flamigo|Flamigo, L82, M|269/269|[from] U-turn\n|-damage|p2a: Flamigo|236/269|[from] Stealth Rock\n|\n|upkeep\n|turn|23\n|c|\u2606P0rkchop|Whoa you have a Krookodile! You must have trained him for a long time\n|c|\u2606P0rkchop|Those dark stripes and scary eyes dont scare us! Go Flamigo!\n|c|\u2606TheMadJAM|Yup, he and Ting-Lu are best friends!\n|c|\u2606P0rkchop|Whoa that's AWESOME!\n|\n|t:|1733889599\n|switch|p1a: Oranguru|Oranguru, L92, F|195/315\n|-activate|p1a: Oranguru|move: Sticky Web\n|-unboost|p1a: Oranguru|spe|1\n|-damage|p1a: Oranguru|156/315|[from] Stealth Rock\n|move|p2a: Flamigo|Close Combat|p1a: Oranguru\n|-damage|p1a: Oranguru|0 fnt\n|-unboost|p2a: Flamigo|def|1\n|-unboost|p2a: Flamigo|spd|1\n|faint|p1a: Oranguru\n|-damage|p2a: Flamigo|210/269|[from] item: Life Orb\n|\n|upkeep\n|c|\u2606P0rkchop|They're lucky to have such a strong trainer\n|c|\u2606P0rkchop|2-2! It's anyway's game\n|c|\u2606TheMadJAM|Oh no, Oranguru!\n|c|\u2606P0rkchop|anyone's game\n|\n|t:|1733889630\n|switch|p1a: Luvdisc|Luvdisc, M|186/247\n|turn|24\n|\n|t:|1733889637\n|switch|p2a: Chansey|Chansey, L85, F|506/564\n|-damage|p2a: Chansey|436/564|[from] Stealth Rock\n|move|p1a: Luvdisc|Substitute|p1a: Luvdisc\n|-start|p1a: Luvdisc|Substitute\n|-damage|p1a: Luvdisc|125/247\n|\n|upkeep\n|turn|25\n|c|\u2606P0rkchop|He hid behind Substitute again! How am I gonna attack him...\n|\n|t:|1733889659\n|move|p1a: Luvdisc|Whirlpool|p2a: Chansey\n|-damage|p2a: Chansey|418/564\n|-activate|p2a: Chansey|move: Whirlpool|[of] p1a: Luvdisc\n|move|p2a: Chansey|Seismic Toss|p1a: Luvdisc\n|-end|p1a: Luvdisc|Substitute\n|\n|-damage|p2a: Chansey|348/564|[from] move: Whirlpool|[partiallytrapped]\n|upkeep\n|turn|26\n|c|\u2606P0rkchop|aughwhoa! We're trapped in a vortex again!\n|\n|t:|1733889683\n|move|p1a: Luvdisc|Substitute|p1a: Luvdisc\n|-start|p1a: Luvdisc|Substitute\n|-damage|p1a: Luvdisc|64/247\n|move|p2a: Chansey|Seismic Toss|p1a: Luvdisc\n|-end|p1a: Luvdisc|Substitute\n|\n|-damage|p2a: Chansey|278/564|[from] move: Whirlpool|[partiallytrapped]\n|upkeep\n|turn|27\n|\n|t:|1733889691\n|move|p1a: Luvdisc|Substitute|p1a: Luvdisc\n|-start|p1a: Luvdisc|Substitute\n|-damage|p1a: Luvdisc|3/247\n|move|p2a: Chansey|Seismic Toss|p1a: Luvdisc\n|-end|p1a: Luvdisc|Substitute\n|\n|-damage|p2a: Chansey|208/564|[from] move: Whirlpool|[partiallytrapped]\n|upkeep\n|turn|28\n|c|\u2606P0rkchop|slowly but surely...we did it!\n|\n|t:|1733889702\n|move|p1a: Luvdisc|Endeavor|p2a: Chansey\n|-damage|p2a: Chansey|3/564\n|move|p2a: Chansey|Seismic Toss|p1a: Luvdisc\n|-damage|p1a: Luvdisc|0 fnt\n|faint|p1a: Luvdisc\n|\n|-end|p2a: Chansey|Whirlpool|[partiallytrapped]|[silent]\n|upkeep\n|c|\u2606P0rkchop|1 left! That Luvdic was a beast!\n|inactive|Battle timer is ON: inactive players will automatically lose when time's up. (requested by P0rkchop)\n|inactive|TheMadJAM has 90 seconds left.\n|\n|t:|1733889738\n|switch|p1a: Iron Moth|Iron Moth, L78|253/253\n|turn|29\n|inactiveoff|Battle timer is now OFF.\n|\n|t:|1733889746\n|move|p1a: Iron Moth|Energy Ball|p2a: Chansey\n|-damage|p2a: Chansey|0 fnt\n|faint|p2a: Chansey\n|\n|upkeep\n|c|\u2606P0rkchop|Chansey no!\n|c|\u2606TheMadJAM|I had one less surprise up my sleeve!\n|c|\u2606P0rkchop|That Iron Moth is something else...\n|c|\u2606TheMadJAM|*last\n|c|\u2606P0rkchop|I never expected you to have that Pokemon! What an amazing team!\n|c|\u2606TheMadJAM|You too!\n|c|\u2606P0rkchop|Now I know what your last 3 are, I better think carefully about my next move\n|\n|t:|1733889799\n|switch|p2a: Landorus|Landorus-Therian, L76, M|260/260\n|-damage|p2a: Landorus|228/260|[from] Stealth Rock\n|-ability|p2a: Landorus|Intimidate|boost\n|-unboost|p1a: Iron Moth|atk|1\n|turn|30\n|c|\u2606P0rkchop|We have a good match up! Go Lando!\n|\n|t:|1733889825\n|move|p1a: Iron Moth|Energy Ball|p2a: Landorus\n|-damage|p2a: Landorus|147/260\n|move|p2a: Landorus|U-turn|p1a: Iron Moth\n|-resisted|p1a: Iron Moth\n|-damage|p1a: Iron Moth|232/253\n|\n|t:|1733889831\n|switch|p2a: Araquanid|Araquanid, L82, M|139/246|[from] U-turn\n|-damage|p2a: Araquanid|78/246|[from] Stealth Rock\n|\n|upkeep\n|turn|31\n|c|\u2606P0rkchop|He read our move! Tough luck\n|\n|t:|1733889845\n|move|p1a: Iron Moth|Sludge Wave|p2a: Araquanid\n|-damage|p2a: Araquanid|0 fnt\n|faint|p2a: Araquanid\n|\n|upkeep\n|c|\u2606P0rkchop|Oh no! Araquanid is gone\n|\n|t:|1733889860\n|switch|p2a: Landorus|Landorus-Therian, L76, M|147/260\n|-damage|p2a: Landorus|115/260|[from] Stealth Rock\n|-ability|p2a: Landorus|Intimidate|boost\n|-unboost|p1a: Iron Moth|atk|1\n|turn|32\n|c|\u2606P0rkchop|We won't screw up this time! Go Lando!\n|c|\u2606TheMadJAM|I doubt Iron Moth can take another hit from your Landorus, so I'll have to lower your attack!\n|\n|t:|1733889900\n|-end|p1a: Iron Moth|Quark Drive|[silent]\n|switch|p1a: Krookodile|Krookodile, L80, M|180/283\n|-activate|p1a: Krookodile|move: Sticky Web\n|-unboost|p1a: Krookodile|spe|1\n|-damage|p1a: Krookodile|163/283|[from] Stealth Rock\n|-ability|p1a: Krookodile|Intimidate|boost\n|-unboost|p2a: Landorus|atk|1\n|move|p2a: Landorus|Earthquake|p1a: Krookodile\n|-damage|p1a: Krookodile|69/283\n|\n|-heal|p2a: Landorus|131/260|[from] item: Leftovers\n|upkeep\n|turn|33\n|\n|t:|1733889916\n|move|p2a: Landorus|Earthquake|p1a: Krookodile\n|-damage|p1a: Krookodile|0 fnt\n|faint|p1a: Krookodile\n|\n|-heal|p2a: Landorus|147/260|[from] item: Leftovers\n|upkeep\n|c|\u2606TheMadJAM|Oh no, Krookodile!\n|c|\u2606P0rkchop|Not a bad move! We're down to two each\n|\n|t:|1733889931\n|switch|p1a: Ting-Lu|Ting-Lu, L78|355/370\n|-activate|p1a: Ting-Lu|move: Sticky Web\n|-unboost|p1a: Ting-Lu|spe|1\n|-damage|p1a: Ting-Lu|332/370|[from] Stealth Rock\n|-ability|p1a: Ting-Lu|Vessel of Ruin\n|turn|34\n|c|\u2606P0rkchop|It's gonna be close!\n|\n|t:|1733889940\n|move|p2a: Landorus|U-turn|p1a: Ting-Lu\n|-supereffective|p1a: Ting-Lu\n|-damage|p1a: Ting-Lu|268/370\n|\n|t:|1733889943\n|switch|p2a: Flamigo|Flamigo, L82, M|210/269|[from] U-turn\n|-damage|p2a: Flamigo|177/269|[from] Stealth Rock\n|move|p1a: Ting-Lu|Throat Chop|p2a: Flamigo\n|-resisted|p2a: Flamigo\n|-damage|p2a: Flamigo|129/269\n|-start|p2a: Flamigo|Throat Chop|[silent]\n|\n|-heal|p1a: Ting-Lu|291/370|[from] item: Leftovers\n|upkeep\n|turn|35\n|inactive|Battle timer is ON: inactive players will automatically lose when time's up. (requested by P0rkchop)\n|\n|t:|1733889981\n|-terastallize|p1a: Ting-Lu|Ghost\n|move|p2a: Flamigo|Brave Bird|p1a: Ting-Lu\n|-damage|p1a: Ting-Lu|155/370\n|-damage|p2a: Flamigo|84/269|[from] Recoil\n|-damage|p2a: Flamigo|58/269|[from] item: Life Orb\n|move|p1a: Ting-Lu|Throat Chop|p2a: Flamigo\n|-resisted|p2a: Flamigo\n|-damage|p2a: Flamigo|9/269\n|\n|-heal|p1a: Ting-Lu|178/370|[from] item: Leftovers\n|-end|p2a: Flamigo|Throat Chop|[silent]\n|upkeep\n|turn|36\n|c|\u2606TheMadJAM|Now Ting-Lu, terastallize! Even with Scrappy, you should be able to last the hit!\n|c|\u2606TheMadJAM|Ooh, unexpected!\n|\n|t:|1733889994\n|move|p2a: Flamigo|Throat Chop|p1a: Ting-Lu\n|-supereffective|p1a: Ting-Lu\n|-damage|p1a: Ting-Lu|48/370\n|-start|p1a: Ting-Lu|Throat Chop|[silent]\n|-damage|p2a: Flamigo|0 fnt|[from] item: Life Orb\n|faint|p2a: Flamigo\n|move|p1a: Ting-Lu|Throat Chop|p2: Flamigo|[notarget]\n|-fail|p1a: Ting-Lu\n|\n|-heal|p1a: Ting-Lu|71/370|[from] item: Leftovers\n|upkeep\n|c|\u2606P0rkchop|This is it\n|c|\u2606P0rkchop|Just me and Lando, like it used to be\n|c|\u2606P0rkchop|I feel like running and quitting.\n|inactive|P0rkchop has 30 seconds left.\n|c|\u2606P0rkchop|But I know I can't!\n|inactiveoff|Battle timer is now OFF.\n|c|\u2606P0rkchop|My Pokemon have worked so hard, I can't give up now!\n|c|\u2606P0rkchop|Let's finish this! No matter what happens!\n|\n|t:|1733890053\n|switch|p2a: Landorus|Landorus-Therian, L76, M|147/260\n|-damage|p2a: Landorus|115/260|[from] Stealth Rock\n|-ability|p2a: Landorus|Intimidate|boost\n|-unboost|p1a: Ting-Lu|atk|1\n|turn|37\n|\n|t:|1733890070\n|move|p2a: Landorus|Earthquake|p1a: Ting-Lu\n|-damage|p1a: Ting-Lu|0 fnt\n|faint|p1a: Ting-Lu\n|\n|-heal|p2a: Landorus|131/260|[from] item: Leftovers\n|upkeep\n|\n|t:|1733890076\n|switch|p1a: Iron Moth|Iron Moth, L78|232/253\n|turn|38\n|c|\u2606TheMadJAM|Well played!\n|c|\u2606P0rkchop|Are you ready, JAM?!\n|c|\u2606TheMadJAM|This is it!\n|c|\u2606P0rkchop|Only one can win\n|c|\u2606P0rkchop|Give it your alL!\n|\n|t:|1733890112\n|move|p1a: Iron Moth|Energy Ball|p2a: Landorus\n|-damage|p2a: Landorus|40/260\n|move|p2a: Landorus|Earthquake|p1a: Iron Moth\n|-supereffective|p1a: Iron Moth\n|-damage|p1a: Iron Moth|0 fnt\n|faint|p1a: Iron Moth\n|-end|p1a: Iron Moth|Quark Drive|[silent]\n|\n|win|P0rkchop\n|raw|TheMadJAM's rating: 1677 &rarr; <strong>1658</strong><br />(-19 for losing)\n|raw|P0rkchop's rating: 1696 &rarr; <strong>1715</strong><br />(+19 for winning)\n|c|\u2606TheMadJAM|Use Energy Ball!\n|c|\u2606P0rkchop|Alright we won!\n|c|\u2606TheMadJAM|Wow, great game!\n|c|\u2606P0rkchop|Good game!\n|c|\u2606P0rkchop|That was so fun, let's battle again sometime!\n|c|\u2606TheMadJAM|Yeah!\n|c|\u2606P0rkchop|*puts hand out to shake*\n|c|\u2606TheMadJAM|*shakes*\n|c|\u2606P0rkchop|Good luck!\n|c|\u2606TheMadJAM|You too!\n", "inputlog": ">version bfd83cad13791eb5a5a409923076391caf6fb4d4\n>start {\"formatid\":\"gen9randombattle\",\"seed\":[63263,22142,47868,23642],\"rated\":\"Rated battle\"}\n>player p1 {\"name\":\"TheMadJAM\",\"avatar\":\"169\",\"rating\":1677,\"seed\":[20970,60693,24991,30874]}\n>player p2 {\"name\":\"P0rkchop\",\"avatar\":\"wallace\",\"rating\":1696,\"seed\":[25011,40029,63644,50141]}\n>chat \u2606P0rkchop|Alright! Another battle! Flamigo, I choose you!\n>chat \u2606P0rkchop|Huh, a Luvdisc! I've heard of those before\n>chat \u2606P0rkchop|Go, Flamigo, attack!\n>p1 move substitute\n>p2 move swordsdance\n>chat \u2606TheMadJAM|Attack, eh?\n>chat \u2606P0rkchop|Whoa! Luvdisc hid behind a substitute!\n>chat \u2606P0rkchop|What am I gonna do now? He's immune to all my attacks.\n>p1 move surf\n>p2 switch 6\n>chat \u2606P0rkchop|Return Flamigo, go Araquanid!\n>chat \u2606TheMadJAM|Uh oh, my Luvdisc is arachnophobic!\n>chat \u2606P0rkchop|Ahaha good one! This will be an interesting matchup.\n>p1 move whirlpool\n>p2 move stickyweb\n>chat \u2606TheMadJAM|Go Luvdisc, trap him in a whirlpool!\n>chat \u2606P0rkchop|We got a web up, but look! We're trapped in the battle\n>chat \u2606P0rkchop|Look's like it's an all out fight. Go Araquanid! You can do this!\n>p1 move surf\n>p2 move leechlife\n>chat \u2606P0rkchop|That Surf isn't strong against us but it's chipping us down. Im not sure how much more he can take...\n>chat \u2606TheMadJAM|Hmm, looks like a stalemate. Luvdisc, return! Go Solgaleo!\n>p1 switch 4\n>p2 move leechlife\n>chat \u2606P0rkchop|Solgaleo! I didn't know they existed. I used to hear stories about him as a kid. Wow, you must be a strong trainer!\n>p1 move knockoff\n>p2 move leechlife\n>chat \u2606P0rkchop|Oh no! Our boots!\n>chat \u2606P0rkchop|Hey thanks! Now we can battle at our own pace\n>chat \u2606P0rkchop|Get ready, I'm not giving up that easily!\n>p1 move sunsteelstrike\n>p2 move hydropump\n>p1 switch 6\n>p2 move leechlife\n>chat \u2606TheMadJAM|Solgaleo, return!\n>chat \u2606TheMadJAM|Go, Oranguru!\n>chat \u2606P0rkchop|Whoa what's that Pokemon?\n>chat \u2606P0rkchop|!Dt Oranguru\n>chat \u2606P0rkchop|I see, it's a psychic type with a secondary normal type\n>chat \u2606P0rkchop|I can't hit it with Ghost moves, I gotta be careful\n>chat \u2606P0rkchop|Return, Araquanid!\n>p1 move thunderbolt\n>p2 switch 2\n>chat \u2606TheMadJAM|A psychic type against a bug type may seem strange\n>chat \u2606P0rkchop|Definitely!\n>chat \u2606P0rkchop|That was close, I thought something strong was coming. Your team is so cool!\n>chat \u2606TheMadJAM|Hmm, my special attacker won't be able to get through your Chansey...\n>p1 switch 2\n>p2 move thunderwave\n>chat \u2606P0rkchop|Now we got him, Chansey, attack!\n>chat \u2606P0rkchop|Oh man! He read our status condition move and countered with a physicaltype!\n>chat \u2606TheMadJAM|My team is full of surprises!\n>chat \u2606P0rkchop|I never know what's coming next. That's why I love battling!\n>p1 move stealthrock\n>p2 switch 5\n>chat \u2606P0rkchop|Go Lando-T!\n>chat \u2606P0rkchop|Uh oh, stealth rocks!\n>chat \u2606P0rkchop|better watch my step\n>chat \u2606TheMadJAM|Woah, and I thought my Pokemon were the only surprises! What's that!?\n>chat \u2606TheMadJAM|!dt Landorus\n>p1 move spikes\n>p2 move taunt\n>chat \u2606P0rkchop|He's my best pokepal! We met when I was just a kid\n>chat \u2606TheMadJAM|Wow!\n>chat \u2606P0rkchop|That was close!\n>p1 move throatchop\n>p2 move uturn\n>chat \u2606P0rkchop|Lando's pivot is unmatched!\n>p2 switch 4\n>chat \u2606P0rkchop|ouch!\n>chat \u2606P0rkchop|That did ALOT\n>chat \u2606P0rkchop|Must have been a CRITICAL HIT\n>p1 move earthquake\n>p2 move rapidspin\n>chat \u2606TheMadJAM|There go my stealth rocks... for now!\n>chat \u2606P0rkchop|Oh no, Exacdrill! Take a nice long rest \n>chat \u2606P0rkchop|1 down, it's not looking good for me...\n>chat \u2606P0rkchop|But like I said, I don't give up that easily!\n>p2 switch 3\n>chat \u2606P0rkchop|Go Calyrex!\n>chat \u2606TheMadJAM|Woah, another surprise!\n>chat \u2606TheMadJAM|!dt Calyrex\n>p1 move throatchop\n>p2 move encore\n>chat \u2606TheMadJAM|Clever play, I doubt I can win that matchup...\n>chat \u2606P0rkchop|Get ready, this Pokemon is really strong!\n>chat \u2606TheMadJAM|Ting-Lu, return! Go, Solgaleo!\n>p1 switch 6\n>p2 move calmmind\n>p1 move flamecharge\n>p2 move psychic\n>chat \u2606P0rkchop|Whoa Full Metal Body protected it from a speed drop! No worries, my Calyrex is still faster. Attack!\n>chat \u2606P0rkchop|It ate it up like it was nothing!\n>chat \u2606TheMadJAM|Solgaleo really hung in there!\n>p1 move knockoff\n>p2 move gigadrain\n>chat \u2606P0rkchop|Your Solgaleo is really cool!\n>chat \u2606TheMadJAM|He's resting for our next battle now.\n>p1 switch 2\n>p1 move hypervoice\n>p2 move calmmind\n>chat \u2606P0rkchop|Ugh a crit!\n>p2 switch 5\n>chat \u2606TheMadJAM|Another critical hit! Wow!\n>chat \u2606P0rkchop|Back to you Chansey!\n>p1 switch 6\n>p2 move stealthrock\n>chat \u2606TheMadJAM|But I still can't win this matchup, so it's back to you, Ting-Lu!\n>p1 move stealthrock\n>p2 switch 4\n>chat \u2606P0rkchop|Lando! I need you!\n>p1 switch 3\n>p2 move uturn\n>chat \u2606TheMadJAM|Time to reveal another friend. Go Krookodile!\n>p2 switch 6\n>chat \u2606P0rkchop|Whoa you have a Krookodile! You must have trained him for a long time\n>chat \u2606P0rkchop|Those dark stripes and scary eyes dont scare us! Go Flamigo!\n>chat \u2606TheMadJAM|Yup, he and Ting-Lu are best friends!\n>chat \u2606P0rkchop|Whoa that's AWESOME!\n>p1 switch 6\n>p2 move closecombat\n>chat \u2606P0rkchop|They're lucky to have such a strong trainer\n>chat \u2606P0rkchop|2-2! It's anyway's game\n>chat \u2606TheMadJAM|Oh no, Oranguru!\n>chat \u2606P0rkchop|anyone's game\n>p1 switch 4\n>p1 move substitute\n>p2 switch 4\n>chat \u2606P0rkchop|He hid behind Substitute again! How am I gonna attack him...\n>p1 move whirlpool\n>p2 move seismictoss\n>chat \u2606P0rkchop|aughwhoa! We're trapped in a vortex again!\n>p1 move substitute\n>p2 move seismictoss\n>p1 move substitute\n>p2 move seismictoss\n>chat \u2606P0rkchop|slowly but surely...we did it!\n>p1 move endeavor\n>p2 move seismictoss\n>chat \u2606P0rkchop|1 left! That Luvdic was a beast!\n>p1 switch 5\n>p1 move energyball\n>p2 move thunderwave\n>chat \u2606P0rkchop|Chansey no!\n>chat \u2606TheMadJAM|I had one less surprise up my sleeve!\n>chat \u2606P0rkchop|That Iron Moth is something else...\n>chat \u2606TheMadJAM|*last\n>chat \u2606P0rkchop|I never expected you to have that Pokemon! What an amazing team!\n>chat \u2606TheMadJAM|You too!\n>chat \u2606P0rkchop|Now I know what your last 3 are, I better think carefully about my next move\n>p2 switch 6\n>chat \u2606P0rkchop|We have a good match up! Go Lando!\n>p1 move energyball\n>p2 move uturn\n>p2 switch 2\n>chat \u2606P0rkchop|He read our move! Tough luck\n>p1 move sludgewave\n>p2 move liquidation\n>chat \u2606P0rkchop|Oh no! Araquanid is gone\n>p2 switch 2\n>chat \u2606P0rkchop|We won't screw up this time! Go Lando!\n>chat \u2606TheMadJAM|I doubt Iron Moth can take another hit from your Landorus, so I'll have to lower your attack!\n>p1 switch 6\n>p2 move earthquake\n>p1 move knockoff\n>p2 move earthquake\n>chat \u2606TheMadJAM|Oh no, Krookodile!\n>chat \u2606P0rkchop|Not a bad move! We're down to two each\n>p1 switch 3\n>chat \u2606P0rkchop|It's gonna be close!\n>p1 move throatchop\n>p2 move uturn\n>p2 switch 4\n>p1 move throatchop terastallize\n>p2 move bravebird\n>chat \u2606TheMadJAM|Now Ting-Lu, terastallize! Even with Scrappy, you should be able to last the hit!\n>chat \u2606TheMadJAM|Ooh, unexpected!\n>p1 move throatchop\n>p2 move throatchop\n>chat \u2606P0rkchop|This is it\n>chat \u2606P0rkchop|Just me and Lando, like it used to be\n>chat \u2606P0rkchop|I feel like running and quitting.\n>chat \u2606P0rkchop|But I know I can't!\n>chat \u2606P0rkchop|My Pokemon have worked so hard, I can't give up now!\n>chat \u2606P0rkchop|Let's finish this! No matter what happens! \n>p2 switch 4\n>p1 move throatchop\n>p2 move earthquake\n>p1 switch 6\n>chat \u2606TheMadJAM|Well played!\n>chat \u2606P0rkchop|Are you ready, JAM?!\n>chat \u2606TheMadJAM|This is it!\n>chat \u2606P0rkchop|Only one can win\n>chat \u2606P0rkchop|Give it your alL!\n>p1 move energyball\n>p2 move earthquake", "uploadtime": 1733890156, "views": 10, "formatid": "gen9randombattle", "rating": 1658, "private": 0, "password": null}