{"id": "gen9randombattle-2259964134", "format": "[Gen 9] Random Battle", "players": ["sneddunes", "tistmgaee"], "log": "|j|\u2606sneddunes\n|j|\u2606tistmgaee\n|t:|1733785000\n|gametype|singles\n|player|p1|sneddunes|swimmerf|1000\n|player|p2|tistmgaee|265|1000\n|teamsize|p1|6\n|teamsize|p2|6\n|gen|9\n|tier|[Gen 9] Random Battle\n|rated|\n|rule|Species Clause: Limit one of each Pok\u00e9mon\n|rule|HP Percentage Mod: HP is shown in percentages\n|rule|Sleep Clause Mod: Limit one foe put to sleep\n|rule|Illusion Level Mod: Illusion disguises the Pok\u00e9mon's true level\n|\n|t:|1733785000\n|start\n|switch|p1a: Gallade|Gallade, L81, M|243/243\n|switch|p2a: Pikachu|Pikachu-Alola, L93, M|216/216\n|turn|1\n|\n|t:|1733785029\n|move|p2a: Pikachu|Volt Tackle|p1a: Gallade\n|-damage|p1a: Gallade|0 fnt\n|faint|p1a: Gallade\n|-damage|p2a: Pikachu|136/216|[from] Recoil\n|\n|upkeep\n|\n|t:|1733785050\n|switch|p1a: Enamorus|Enamorus, L79, F|247/247\n|turn|2\n|\n|t:|1733785080\n|switch|p2a: Cloyster|Cloyster, L80, M|211/211\n|-terastallize|p1a: Enamorus|Ground\n|move|p1a: Enamorus|Calm Mind|p1a: Enamorus\n|-boost|p1a: Enamorus|spa|1\n|-boost|p1a: Enamorus|spd|1\n|\n|upkeep\n|turn|3\n|\n|t:|1733785112\n|move|p1a: Enamorus|Earth Power|p2a: Cloyster\n|-damage|p2a: Cloyster|0 fnt\n|faint|p2a: Cloyster\n|\n|upkeep\n|inactive|Battle timer is ON: inactive players will automatically lose when time's up. (requested by sneddunes)\n|\n|t:|1733785159\n|switch|p2a: Iron Valiant|Iron Valiant, L78|244/244\n|turn|4\n|\n|t:|1733785179\n|move|p2a: Iron Valiant|Psychic|p1a: Enamorus\n|-damage|p1a: Enamorus|176/247\n|-damage|p2a: Iron Valiant|220/244|[from] item: Life Orb\n|move|p1a: Enamorus|Moonblast|p2a: Iron Valiant\n|-supereffective|p2a: Iron Valiant\n|-damage|p2a: Iron Valiant|0 fnt\n|faint|p2a: Iron Valiant\n|-end|p2a: Iron Valiant|Quark Drive|[silent]\n|\n|upkeep\n|-message|tistmgaee forfeited.\n|\n|win|sneddunes\n|raw|sneddunes's rating: 1000 &rarr; <strong>1040</strong><br />(+40 for winning)\n|raw|tistmgaee's rating: 1000 &rarr; <strong>1000</strong><br />(+0 for losing)\n|l|\u2606tistmgaee\n|player|p2|\n", "inputlog": ">version bfd83cad13791eb5a5a409923076391caf6fb4d4\n>start {\"formatid\":\"gen9randombattle\",\"seed\":[62295,57057,24928,60325],\"rated\":\"Rated battle\"}\n>player p1 {\"name\":\"sneddunes\",\"avatar\":\"swimmerf\",\"rating\":1000,\"seed\":[47922,481,64616,6767]}\n>player p2 {\"name\":\"tistmgaee\",\"avatar\":\"265\",\"rating\":1000,\"seed\":[5722,841,62357,27810]}\n>p1 move sacredsword\n>p2 move volttackle\n>p1 switch 4\n>p1 move calmmind terastallize\n>p2 switch 4\n>p1 move earthpower\n>p2 move iciclespear\n>p2 switch 6\n>p1 move moonblast\n>p2 move psychic\n>forcelose p2", "uploadtime": 1733785193, "views": 1, "formatid": "gen9randombattle", "rating": 1000, "private": 0, "password": null}