{"id": "gen9randombattle-2260879939", "format": "[Gen 9] Random Battle", "players": ["goganhe", "ravenoid1"], "log": "|j|\u2606goganhe\n|j|\u2606ravenoid1\n|t:|1733909729\n|gametype|singles\n|player|p1|goganhe|hilbert|1072\n|player|p2|ravenoid1|2|1063\n|teamsize|p1|6\n|teamsize|p2|6\n|gen|9\n|tier|[Gen 9] Random Battle\n|rated|\n|rule|Species Clause: Limit one of each Pok\u00e9mon\n|rule|HP Percentage Mod: HP is shown in percentages\n|rule|Sleep Clause Mod: Limit one foe put to sleep\n|rule|Illusion Level Mod: Illusion disguises the Pok\u00e9mon's true level\n|\n|t:|1733909729\n|start\n|switch|p1a: Spiritomb|Spiritomb, L89, F|234/234\n|switch|p2a: Mismagius|Mismagius, L86, F|243/243\n|turn|1\n|\n|t:|1733909738\n|move|p1a: Spiritomb|Shadow Sneak|p2a: Mismagius\n|-supereffective|p2a: Mismagius\n|-damage|p2a: Mismagius|117/243\n|move|p2a: Mismagius|Nasty Plot|p2a: Mismagius\n|-boost|p2a: Mismagius|spa|2\n|\n|-heal|p2a: Mismagius|132/243|[from] item: Leftovers\n|upkeep\n|turn|2\n|\n|t:|1733909748\n|-terastallize|p2a: Mismagius|Electric\n|move|p1a: Spiritomb|Shadow Sneak|p2a: Mismagius\n|-damage|p2a: Mismagius|74/243\n|move|p2a: Mismagius|Thunderbolt|p1a: Spiritomb\n|-crit|p1a: Spiritomb\n|-damage|p1a: Spiritomb|0 fnt\n|faint|p1a: Spiritomb\n|\n|-heal|p2a: Mismagius|89/243|[from] item: Leftovers\n|upkeep\n|\n|t:|1733909761\n|switch|p1a: Revavroom|Revavroom, L79, F|256/256\n|turn|3\n|\n|t:|1733909767\n|move|p2a: Mismagius|Nasty Plot|p2a: Mismagius\n|-boost|p2a: Mismagius|spa|2\n|move|p1a: Revavroom|Shift Gear|p1a: Revavroom\n|-boost|p1a: Revavroom|spe|2\n|-boost|p1a: Revavroom|atk|1\n|\n|-heal|p2a: Mismagius|104/243|[from] item: Leftovers\n|upkeep\n|turn|4\n|\n|t:|1733909775\n|move|p1a: Revavroom|High Horsepower|p2a: Mismagius\n|-immune|p2a: Mismagius|[from] ability: Levitate\n|move|p2a: Mismagius|Thunderbolt|p1a: Revavroom\n|-damage|p1a: Revavroom|0 fnt\n|faint|p1a: Revavroom\n|\n|-heal|p2a: Mismagius|119/243|[from] item: Leftovers\n|upkeep\n|\n|t:|1733909783\n|switch|p1a: Passimian|Passimian, L83, M|302/302\n|turn|5\n|\n|t:|1733909788\n|move|p2a: Mismagius|Thunderbolt|p1a: Passimian\n|-damage|p1a: Passimian|0 fnt\n|faint|p1a: Passimian\n|\n|-heal|p2a: Mismagius|134/243|[from] item: Leftovers\n|upkeep\n|-message|goganhe forfeited.\n|\n|win|ravenoid1\n|raw|goganhe's rating: 1072 &rarr; <strong>1051</strong><br />(-21 for losing)\n|raw|ravenoid1's rating: 1063 &rarr; <strong>1094</strong><br />(+31 for winning)\n|l|\u2606goganhe\n|player|p1|\n", "inputlog": ">version bfd83cad13791eb5a5a409923076391caf6fb4d4\n>start {\"formatid\":\"gen9randombattle\",\"seed\":[48834,59562,45941,6518],\"rated\":\"Rated battle\"}\n>player p1 {\"name\":\"goganhe\",\"avatar\":\"hilbert\",\"rating\":1072,\"seed\":[49151,56654,44691,42031]}\n>player p2 {\"name\":\"ravenoid1\",\"avatar\":\"2\",\"rating\":1063,\"seed\":[55021,10630,40251,2789]}\n>p1 move shadowsneak\n>p2 move nastyplot\n>p1 move shadowsneak\n>p2 move thunderbolt terastallize\n>p1 switch 4\n>p1 move shiftgear\n>p2 move nastyplot\n>p1 move highhorsepower\n>p2 move thunderbolt\n>p1 switch 5\n>p1 move knockoff\n>p2 move thunderbolt\n>forcelose p1", "uploadtime": 1733909801, "views": 1, "formatid": "gen9randombattle", "rating": 1051, "private": 0, "password": null}