{"id": "gen9randombattle-2260396045", "format": "[Gen 9] Random Battle", "players": ["MarianoMariano", "lackadaisically"], "log": "|j|\u2606MarianoMariano\n|j|\u2606lackadaisically\n|t:|1733847505\n|gametype|singles\n|player|p1|MarianoMariano|gambler|1056\n|player|p2|lackadaisically|lady-gen4|1086\n|teamsize|p1|6\n|teamsize|p2|6\n|gen|9\n|tier|[Gen 9] Random Battle\n|rated|\n|rule|Species Clause: Limit one of each Pok\u00e9mon\n|rule|HP Percentage Mod: HP is shown in percentages\n|rule|Sleep Clause Mod: Limit one foe put to sleep\n|rule|Illusion Level Mod: Illusion disguises the Pok\u00e9mon's true level\n|\n|t:|1733847505\n|start\n|switch|p1a: Haxorus|Haxorus, L77, F|244/244\n|switch|p2a: Crawdaunt|Crawdaunt, L84, F|243/243\n|-ability|p1a: Haxorus|Mold Breaker\n|turn|1\n|inactive|Battle timer is ON: inactive players will automatically lose when time's up. (requested by lackadaisically)\n|inactive|MarianoMariano has 120 seconds left.\n|inactive|MarianoMariano has 90 seconds left.\n|inactive|MarianoMariano has 60 seconds left.\n|inactive|MarianoMariano has 30 seconds left.\n|inactive|MarianoMariano has 20 seconds left.\n|inactive|MarianoMariano has 15 seconds left.\n|inactive|MarianoMariano has 10 seconds left.\n|inactive|MarianoMariano has 5 seconds left.\n|-message|MarianoMariano lost due to inactivity.\n|\n|win|lackadaisically\n|raw|MarianoMariano's rating: 1056 &rarr; <strong>1039</strong><br />(-17 for losing)\n|raw|lackadaisically's rating: 1086 &rarr; <strong>1111</strong><br />(+25 for winning)\n", "inputlog": ">version bfd83cad13791eb5a5a409923076391caf6fb4d4\n>start {\"formatid\":\"gen9randombattle\",\"seed\":[18650,13120,19881,35815],\"rated\":\"Rated battle\"}\n>player p1 {\"name\":\"MarianoMariano\",\"avatar\":\"gambler\",\"rating\":1056,\"seed\":[32536,38919,28761,32098]}\n>player p2 {\"name\":\"lackadaisically\",\"avatar\":\"lady-gen4\",\"rating\":1086,\"seed\":[23056,60144,36842,52047]}\n>forcelose p1", "uploadtime": 1733847675, "views": 2, "formatid": "gen9randombattle", "rating": 1039, "private": 0, "password": null}