{"id": "gen9randombattle-2260435862", "format": "[Gen 9] Random Battle", "players": ["hiroakiruby", "kopyko"], "log": "|j|\u2606hiroakiruby\n|j|\u2606kopyko\n|t:|1733851398\n|gametype|singles\n|player|p1|hiroakiruby|170|1692\n|player|p2|kopyko|janitor|1681\n|teamsize|p1|6\n|teamsize|p2|6\n|gen|9\n|tier|[Gen 9] Random Battle\n|rated|\n|rule|Species Clause: Limit one of each Pok\u00e9mon\n|rule|HP Percentage Mod: HP is shown in percentages\n|rule|Sleep Clause Mod: Limit one foe put to sleep\n|rule|Illusion Level Mod: Illusion disguises the Pok\u00e9mon's true level\n|\n|t:|1733851398\n|start\n|switch|p1a: Dodrio|Dodrio, L86, F|243/243\n|switch|p2a: Skeledirge|Skeledirge, L79, F|294/294\n|turn|1\n|inactive|Battle timer is ON: inactive players will automatically lose when time's up. (requested by hiroakiruby)\n|\n|t:|1733851426\n|switch|p2a: Golduck|Golduck, L90, M|290/290\n|-ability|p2a: Golduck|Cloud Nine\n|move|p1a: Dodrio|Swords Dance|p1a: Dodrio\n|-boost|p1a: Dodrio|atk|2\n|\n|upkeep\n|turn|2\n|\n|t:|1733851435\n|move|p1a: Dodrio|Brave Bird|p2a: Golduck\n|-damage|p2a: Golduck|0 fnt\n|faint|p2a: Golduck\n|-damage|p1a: Dodrio|147/243|[from] Recoil\n|\n|upkeep\n|\n|t:|1733851444\n|switch|p2a: Skeledirge|Skeledirge, L79, F|294/294\n|turn|3\n|\n|t:|1733851450\n|move|p1a: Dodrio|Drill Run|p2a: Skeledirge\n|-supereffective|p2a: Skeledirge\n|-damage|p2a: Skeledirge|158/294\n|move|p2a: Skeledirge|Flame Charge|p1a: Dodrio\n|-damage|p1a: Dodrio|104/243\n|-boost|p2a: Skeledirge|spe|1\n|\n|upkeep\n|turn|4\n|\n|t:|1733851459\n|-terastallize|p1a: Dodrio|Ground\n|move|p1a: Dodrio|Drill Run|p2a: Skeledirge\n|-supereffective|p2a: Skeledirge\n|-damage|p2a: Skeledirge|0 fnt\n|faint|p2a: Skeledirge\n|\n|upkeep\n|-message|kopyko forfeited.\n|\n|win|hiroakiruby\n|raw|hiroakiruby's rating: 1692 &rarr; <strong>1711</strong><br />(+19 for winning)\n|raw|kopyko's rating: 1681 &rarr; <strong>1662</strong><br />(-19 for losing)\n|l|\u2606kopyko\n|player|p2|\n", "inputlog": ">version bfd83cad13791eb5a5a409923076391caf6fb4d4\n>start {\"formatid\":\"gen9randombattle\",\"seed\":[34991,62499,59746,39291],\"rated\":\"Rated battle\"}\n>player p1 {\"name\":\"hiroakiruby\",\"avatar\":\"170\",\"rating\":1692,\"seed\":[22338,45066,30087,3062]}\n>player p2 {\"name\":\"kopyko\",\"avatar\":\"janitor\",\"rating\":1681,\"seed\":[33506,49845,57532,45080]}\n>p1 move swordsdance\n>p2 switch 6\n>p1 move bravebird\n>p2 move encore\n>p2 switch 6\n>p1 move drillrun\n>p2 move flamecharge\n>p1 move drillrun terastallize\n>p2 move flamecharge\n>forcelose p2", "uploadtime": 1733851477, "views": 2, "formatid": "gen9randombattle", "rating": 1662, "private": 0, "password": null}