{"id": "gen9randombattle-2260684340", "format": "[Gen 9] Random Battle", "players": ["Sir_Chunk", "mxctezuma"], "log": "|j|\u2606Sir_Chunk\n|j|\u2606mxctezuma\n|t:|1733878110\n|gametype|singles\n|player|p1|Sir_Chunk|clown|1054\n|player|p2|mxctezuma|cynthia-gen4|1055\n|teamsize|p1|6\n|teamsize|p2|6\n|gen|9\n|tier|[Gen 9] Random Battle\n|rated|\n|rule|Species Clause: Limit one of each Pok\u00e9mon\n|rule|HP Percentage Mod: HP is shown in percentages\n|rule|Sleep Clause Mod: Limit one foe put to sleep\n|rule|Illusion Level Mod: Illusion disguises the Pok\u00e9mon's true level\n|\n|t:|1733878110\n|start\n|switch|p1a: Swalot|Swalot, L90, F|326/326\n|switch|p2a: Bronzong|Bronzong, L88|261/261\n|turn|1\n|inactive|Battle timer is ON: inactive players will automatically lose when time's up. (requested by Sir_Chunk)\n|\n|t:|1733878121\n|move|p1a: Swalot|Swords Dance|p1a: Swalot\n|-boost|p1a: Swalot|atk|2\n|move|p2a: Bronzong|Hypnosis|p1a: Swalot|[miss]\n|-miss|p2a: Bronzong|p1a: Swalot\n|\n|upkeep\n|turn|2\n|\n|t:|1733878126\n|move|p1a: Swalot|Swords Dance|p1a: Swalot\n|-boost|p1a: Swalot|atk|2\n|move|p2a: Bronzong|Hypnosis|p1a: Swalot\n|-status|p1a: Swalot|slp|[from] move: Hypnosis\n|\n|upkeep\n|turn|3\n|\n|t:|1733878133\n|cant|p1a: Swalot|slp\n|move|p2a: Bronzong|Stealth Rock|p1a: Swalot\n|-sidestart|p1: Sir_Chunk|move: Stealth Rock\n|\n|upkeep\n|turn|4\n|\n|t:|1733878140\n|cant|p1a: Swalot|slp\n|move|p2a: Bronzong|Earthquake|p1a: Swalot\n|-supereffective|p1a: Swalot\n|-damage|p1a: Swalot|186/326 slp\n|\n|-heal|p1a: Swalot|206/326 slp|[from] item: Leftovers\n|upkeep\n|turn|5\n|\n|t:|1733878151\n|-curestatus|p1a: Swalot|slp|[msg]\n|move|p1a: Swalot|Knock Off|p2a: Bronzong\n|-supereffective|p2a: Bronzong\n|-damage|p2a: Bronzong|0 fnt\n|-enditem|p2a: Bronzong|Leftovers|[from] move: Knock Off|[of] p1a: Swalot\n|faint|p2a: Bronzong\n|\n|-heal|p1a: Swalot|226/326|[from] item: Leftovers\n|upkeep\n|-message|mxctezuma forfeited.\n|\n|win|Sir_Chunk\n|raw|Sir_Chunk's rating: 1054 &rarr; <strong>1086</strong><br />(+32 for winning)\n|raw|mxctezuma's rating: 1055 &rarr; <strong>1037</strong><br />(-18 for losing)\n|l|\u2606mxctezuma\n|player|p2|\n", "inputlog": ">version bfd83cad13791eb5a5a409923076391caf6fb4d4\n>start {\"formatid\":\"gen9randombattle\",\"seed\":[45161,51646,30094,61559],\"rated\":\"Rated battle\"}\n>player p1 {\"name\":\"Sir_Chunk\",\"avatar\":\"clown\",\"rating\":1054,\"seed\":[43973,39136,28230,41499]}\n>player p2 {\"name\":\"mxctezuma\",\"avatar\":\"cynthia-gen4\",\"rating\":1055,\"seed\":[47523,2963,2239,59562]}\n>p1 move swordsdance\n>p2 move hypnosis\n>p1 move swordsdance\n>p2 move hypnosis\n>p1 move knockoff\n>p2 move stealthrock\n>p1 move knockoff\n>p2 move earthquake\n>p1 move knockoff\n>p2 move hypnosis\n>forcelose p2", "uploadtime": 1733878172, "views": 10, "formatid": "gen9randombattle", "rating": 1037, "private": 0, "password": null}