{"id": "gen9randombattle-2260824612", "format": "[Gen 9] Random Battle", "players": ["hhjixggsg", "Hdbshsbevfhdjff"], "log": "|j|\u2606hhjixggsg\n|j|\u2606Hdbshsbevfhdjff\n|t:|1733898810\n|gametype|singles\n|player|p1|hhjixggsg|1|1026\n|player|p2|Hdbshsbevfhdjff|265|1000\n|teamsize|p1|6\n|teamsize|p2|6\n|gen|9\n|tier|[Gen 9] Random Battle\n|rated|\n|rule|Species Clause: Limit one of each Pok\u00e9mon\n|rule|HP Percentage Mod: HP is shown in percentages\n|rule|Sleep Clause Mod: Limit one foe put to sleep\n|rule|Illusion Level Mod: Illusion disguises the Pok\u00e9mon's true level\n|\n|t:|1733898810\n|start\n|switch|p1a: Salazzle|Salazzle, L83, F|249/249\n|switch|p2a: Braviary|Braviary-Hisui, L85, M|326/326\n|turn|1\n|inactive|Battle timer is ON: inactive players will automatically lose when time's up. (requested by hhjixggsg)\n|\n|t:|1733898829\n|move|p1a: Salazzle|Substitute|p1a: Salazzle\n|-start|p1a: Salazzle|Substitute\n|-damage|p1a: Salazzle|187/249\n|move|p2a: Braviary|Esper Wing|p1a: Salazzle\n|-supereffective|p1a: Salazzle\n|-end|p1a: Salazzle|Substitute\n|-boost|p2a: Braviary|spe|1\n|\n|-heal|p1a: Salazzle|202/249|[from] item: Leftovers\n|upkeep\n|turn|2\n|\n|t:|1733898848\n|switch|p1a: Snorlax|Snorlax, L82, M|397/397\n|move|p2a: Braviary|Esper Wing|p1a: Snorlax\n|-damage|p1a: Snorlax|312/397\n|-boost|p2a: Braviary|spe|1\n|\n|-heal|p1a: Snorlax|336/397|[from] item: Leftovers\n|upkeep\n|turn|3\n|\n|t:|1733898860\n|switch|p2a: Cacturne|Cacturne, L92, M|278/278\n|move|p1a: Snorlax|Crunch|p2a: Cacturne\n|-resisted|p2a: Cacturne\n|-damage|p2a: Cacturne|245/278\n|\n|-heal|p1a: Snorlax|360/397|[from] item: Leftovers\n|upkeep\n|turn|4\n|\n|t:|1733898881\n|switch|p1a: Ogerpon|Ogerpon-Hearthflame, L74, F|239/239\n|-ability|p1a: Ogerpon|Mold Breaker\n|move|p2a: Cacturne|Knock Off|p1a: Ogerpon\n|-damage|p1a: Ogerpon|95/239\n|-damage|p2a: Cacturne|218/278|[from] item: Life Orb\n|\n|upkeep\n|turn|5\n|\n|t:|1733898893\n|move|p2a: Cacturne|Sucker Punch|p1a: Ogerpon\n|-crit|p1a: Ogerpon\n|-damage|p1a: Ogerpon|0 fnt\n|faint|p1a: Ogerpon\n|-damage|p2a: Cacturne|191/278|[from] item: Life Orb\n|\n|upkeep\n|-message|hhjixggsg forfeited.\n|\n|win|Hdbshsbevfhdjff\n|raw|hhjixggsg's rating: 1059 &rarr; <strong>1037</strong><br />(-22 for losing)\n|raw|Hdbshsbevfhdjff's rating: 1000 &rarr; <strong>1047</strong><br />(+47 for winning)\n|l|\u2606hhjixggsg\n|player|p1|\n", "inputlog": ">version bfd83cad13791eb5a5a409923076391caf6fb4d4\n>start {\"formatid\":\"gen9randombattle\",\"seed\":[37739,35417,60661,45134],\"rated\":\"Rated battle\"}\n>player p1 {\"name\":\"hhjixggsg\",\"avatar\":\"1\",\"rating\":1026,\"seed\":[39575,20744,35685,6232]}\n>player p2 {\"name\":\"Hdbshsbevfhdjff\",\"avatar\":\"265\",\"rating\":1000,\"seed\":[60596,20033,31728,18959]}\n>p1 move substitute\n>p2 move esperwing\n>p1 switch 3\n>p2 move esperwing\n>p1 move crunch\n>p2 switch 3\n>p1 switch 2\n>p2 move knockoff\n>p1 move ivycudgel\n>p2 move suckerpunch\n>forcelose p1", "uploadtime": 1733898901, "views": 1, "formatid": "gen9randombattle", "rating": 1037, "private": 0, "password": null}