{"id": "gen9randombattle-2260271538", "format": "[Gen 9] Random Battle", "players": ["kdksnvg", "Arinjay555"], "log": "|j|\u2606kdksnvg\n|j|\u2606Arinjay555\n|t:|1733833138\n|gametype|singles\n|player|p1|kdksnvg|266|1022\n|player|p2|Arinjay555|swimmerf|1058\n|teamsize|p1|6\n|teamsize|p2|6\n|gen|9\n|tier|[Gen 9] Random Battle\n|rated|\n|rule|Species Clause: Limit one of each Pok\u00e9mon\n|rule|HP Percentage Mod: HP is shown in percentages\n|rule|Sleep Clause Mod: Limit one foe put to sleep\n|rule|Illusion Level Mod: Illusion disguises the Pok\u00e9mon's true level\n|\n|t:|1733833138\n|start\n|switch|p1a: Porygon-Z|Porygon-Z, L83|277/277\n|switch|p2a: Necrozma|Necrozma, L80|286/286\n|turn|1\n|\n|t:|1733833160\n|move|p1a: Porygon-Z|Nasty Plot|p1a: Porygon-Z\n|-boost|p1a: Porygon-Z|spa|2\n|move|p2a: Necrozma|Swords Dance|p2a: Necrozma\n|-boost|p2a: Necrozma|atk|2\n|\n|upkeep\n|turn|2\n|\n|t:|1733833176\n|move|p1a: Porygon-Z|Tri Attack|p2a: Necrozma\n|-damage|p2a: Necrozma|0 fnt\n|faint|p2a: Necrozma\n|-damage|p1a: Porygon-Z|250/277|[from] item: Life Orb\n|\n|upkeep\n|\n|t:|1733833203\n|switch|p2a: Frosmoth|Frosmoth, L82, F|249/249\n|turn|3\n|\n|t:|1733833298\n|move|p1a: Porygon-Z|Tri Attack|p2a: Frosmoth\n|-damage|p2a: Frosmoth|64/249\n|-damage|p1a: Porygon-Z|223/277|[from] item: Life Orb\n|move|p2a: Frosmoth|Quiver Dance|p2a: Frosmoth\n|-boost|p2a: Frosmoth|spa|1\n|-boost|p2a: Frosmoth|spd|1\n|-boost|p2a: Frosmoth|spe|1\n|\n|upkeep\n|turn|4\n|\n|t:|1733833329\n|move|p2a: Frosmoth|Bug Buzz|p1a: Porygon-Z\n|-damage|p1a: Porygon-Z|40/277\n|-unboost|p1a: Porygon-Z|spd|1\n|move|p1a: Porygon-Z|Tri Attack|p2a: Frosmoth\n|-damage|p2a: Frosmoth|0 fnt\n|faint|p2a: Frosmoth\n|-damage|p1a: Porygon-Z|13/277|[from] item: Life Orb\n|\n|upkeep\n|-message|Arinjay555 forfeited.\n|\n|win|kdksnvg\n|raw|kdksnvg's rating: 1022 &rarr; <strong>1062</strong><br />(+40 for winning)\n|raw|Arinjay555's rating: 1058 &rarr; <strong>1037</strong><br />(-21 for losing)\n|l|\u2606Arinjay555\n|player|p2|\n", "inputlog": ">version bfd83cad13791eb5a5a409923076391caf6fb4d4\n>start {\"formatid\":\"gen9randombattle\",\"seed\":[39055,36826,26911,21492],\"rated\":\"Rated battle\"}\n>player p1 {\"name\":\"kdksnvg\",\"avatar\":\"266\",\"rating\":1022,\"seed\":[12036,56705,18039,24098]}\n>player p2 {\"name\":\"Arinjay555\",\"avatar\":\"swimmerf\",\"rating\":1058,\"seed\":[32630,15867,11734,29416]}\n>p1 move nastyplot\n>p2 move swordsdance\n>p1 move triattack\n>p2 move photongeyser\n>p2 switch 2\n>p1 move triattack\n>p2 move quiverdance\n>p1 move triattack\n>p2 move bugbuzz\n>forcelose p2", "uploadtime": 1733833363, "views": 1, "formatid": "gen9randombattle", "rating": 1037, "private": 0, "password": null}