{"id": "gen9randombattle-2201670038", "format": "[Gen 9] Random Battle", "players": ["rblt tb", "RBLT chemcoop"], "log": "|badge|p2|silver|gen9randombattle|30-2\n|uhtml|medal-msg|<div class=\"broadcast-blue\">Curious what those medals under the avatar are? PS now has Ladder Seasons! For more information, check out the <a href=\"https://www.smogon.com/forums/threads/3740067/\">thread on Smogon.</a></div>\n|raw|<div class=\"broadcast-blue\"><strong>This battle is required to be public due to a player having a name starting with 'rblt'.</div>\n|j|\u2606rblt tb\n|j|\u2606RBLT chemcoop\n|t:|1726343236\n|gametype|singles\n|player|p1|rblt tb|101|2273\n|player|p2|RBLT chemcoop|#chemcoop|2457\n|teamsize|p1|6\n|teamsize|p2|6\n|gen|9\n|tier|[Gen 9] Random Battle\n|rated|\n|rule|Species Clause: Limit one of each Pok\u00e9mon\n|rule|HP Percentage Mod: HP is shown in percentages\n|rule|Sleep Clause Mod: Limit one foe put to sleep\n|rule|Illusion Level Mod: Illusion disguises the Pok\u00e9mon's true level\n|\n|t:|1726343236\n|start\n|switch|p1a: Maushold|Maushold-Four, L76|238/238\n|switch|p2a: Archaludon|Archaludon, L78, M|268/268\n|turn|1\n|inactive|Battle timer is ON: inactive players will automatically lose when time's up. (requested by rblt tb)\n|\n|t:|1726343248\n|switch|p1a: Grumpig|Grumpig, L92, F|297/297\n|move|p2a: Archaludon|Body Press|p1a: Grumpig\n|-resisted|p1a: Grumpig\n|-damage|p1a: Grumpig|258/297\n|\n|-heal|p1a: Grumpig|276/297|[from] item: Leftovers\n|upkeep\n|turn|2\n|\n|t:|1726343254\n|move|p1a: Grumpig|Nasty Plot|p1a: Grumpig\n|-boost|p1a: Grumpig|spa|2\n|move|p2a: Archaludon|Dragon Tail|p1a: Grumpig|[miss]\n|-miss|p2a: Archaludon|p1a: Grumpig\n|\n|-heal|p1a: Grumpig|294/297|[from] item: Leftovers\n|upkeep\n|turn|3\n|c|\u2606RBLT chemcoop|boooo\n|\n|t:|1726343262\n|move|p1a: Grumpig|Earth Power|p2a: Archaludon\n|-supereffective|p2a: Archaludon\n|-damage|p2a: Archaludon|0 fnt\n|faint|p2a: Archaludon\n|\n|-heal|p1a: Grumpig|297/297|[from] item: Leftovers\n|upkeep\n|c|\u2606rblt tb|???\n|\n|t:|1726343270\n|switch|p2a: Sunflora|Sunflora, F|312/312\n|turn|4\n|c|\u2606rblt tb|I haxed me yesterday and i didn\u2019t even said anything \u2026\n|c|\u2606rblt tb|You\n|\n|t:|1726343300\n|move|p1a: Grumpig|Psychic|p2a: Sunflora\n|-crit|p2a: Sunflora\n|-damage|p2a: Sunflora|23/312\n|move|p2a: Sunflora|Sunny Day|p2a: Sunflora\n|-weather|SunnyDay\n|\n|-weather|SunnyDay|[upkeep]\n|upkeep\n|turn|5\n|j| RBLT Separa\n|\n|t:|1726343310\n|move|p2a: Sunflora|Solar Beam||[still]\n|-prepare|p2a: Sunflora|Solar Beam\n|-anim|p2a: Sunflora|Solar Beam|p1a: Grumpig\n|-damage|p1a: Grumpig|122/297\n|-damage|p2a: Sunflora|0 fnt|[from] item: Life Orb\n|faint|p2a: Sunflora\n|move|p1a: Grumpig|Nasty Plot|p1a: Grumpig\n|-boost|p1a: Grumpig|spa|2\n|\n|-weather|SunnyDay|[upkeep]\n|-heal|p1a: Grumpig|140/297|[from] item: Leftovers\n|upkeep\n|\n|t:|1726343316\n|switch|p2a: Blastoise|Blastoise, L80, F|258/258\n|turn|6\n|\n|t:|1726343320\n|move|p1a: Grumpig|Psychic|p2a: Blastoise\n|-damage|p2a: Blastoise|0 fnt\n|faint|p2a: Blastoise\n|\n|-weather|SunnyDay|[upkeep]\n|-heal|p1a: Grumpig|158/297|[from] item: Leftovers\n|upkeep\n|\n|t:|1726343325\n|switch|p2a: Rhyperior|Rhyperior, L82, M|323/323\n|turn|7\n|\n|t:|1726343328\n|move|p1a: Grumpig|Psychic|p2a: Rhyperior\n|-damage|p2a: Rhyperior|0 fnt\n|faint|p2a: Rhyperior\n|\n|-weather|SunnyDay|[upkeep]\n|-heal|p1a: Grumpig|176/297|[from] item: Leftovers\n|upkeep\n|\n|t:|1726343329\n|switch|p2a: Dragalge|Dragalge, L88, M|258/258\n|turn|8\n|\n|t:|1726343331\n|move|p1a: Grumpig|Psychic|p2a: Dragalge\n|-supereffective|p2a: Dragalge\n|-damage|p2a: Dragalge|0 fnt\n|faint|p2a: Dragalge\n|\n|-weather|none\n|-heal|p1a: Grumpig|194/297|[from] item: Leftovers\n|upkeep\n|\n|t:|1726343332\n|switch|p2a: Mamoswine|Mamoswine, L81, F|311/311\n|turn|9\n|\n|t:|1726343335\n|move|p1a: Grumpig|Psychic|p2a: Mamoswine\n|-damage|p2a: Mamoswine|0 fnt\n|faint|p2a: Mamoswine\n|\n|win|rblt tb\n|raw|rblt tb's rating: 2273 &rarr; <strong>2303</strong><br />(+30 for winning)\n|raw|RBLT chemcoop's rating: 2457 &rarr; <strong>2427</strong><br />(-30 for losing)\n|l|\u2606RBLT chemcoop\n|player|p2|\n", "inputlog": ">version abcf08933808d3fb39dbc2b54a8665d830b47482\n>start {\"formatid\":\"gen9randombattle\",\"seed\":[41178,12939,14245,31701],\"rated\":\"Rated battle\"}\n>player p1 {\"name\":\"rblt tb\",\"avatar\":\"101\",\"rating\":2273,\"seed\":[26168,32207,25186,17277]}\n>player p2 {\"name\":\"RBLT chemcoop\",\"avatar\":\"#chemcoop\",\"rating\":2457,\"seed\":[54243,57008,1697,49789]}\n>p1 switch 5\n>p2 move bodypress\n>p1 move nastyplot\n>p2 move dragontail\n>chat \u2606RBLT chemcoop|boooo\n>p1 move earthpower\n>p2 move dragontail\n>chat \u2606rblt tb|???\n>p2 switch 5\n>chat \u2606rblt tb|I haxed me yesterday and i didn\u2019t even said anything \u2026\n>chat \u2606rblt tb|You\n>p1 move psychic\n>p2 move sunnyday\n>p1 move nastyplot\n>p2 move solarbeam\n>p2 switch 6\n>p1 move psychic\n>p2 move shellsmash\n>p2 switch 2\n>p1 move psychic\n>p2 move rockpolish\n>p2 switch 3\n>p1 move psychic\n>p2 move dracometeor\n>p2 switch 4\n>p1 move psychic\n>p2 move earthquake", "uploadtime": 1726343343, "views": 88, "formatid": "gen9randombattle", "rating": 2303, "private": 0, "password": null}